

................................
... PUBLISHED ARTICLES .........
................................

@ARTICLE{Landauer1961_5392446Erasure,
  author={Landauer, Rolf},
  journal={IBM Journal of Research and Development},
  title={Irreversibility and Heat Generation in the Computing Process},
  year={1961},
  month=jul,
  volume={5},
  number={3},
  pages={183--191},
  keywords={},
  doi={10.1147/rd.53.0183},
  ISSN={0018-8646}
}
@ARTICLE{Shannon1948BSTJ,
  author  = {Shannon, Claude E.},
  journal = {The Bell System Technical Journal},
  title   = {A Mathematical Theory of Communication},
  year	  = {1948},
  month   = jul,
  volume  = {27},
  pages   = {379--423},
  url     = {http://cm.bell-labs.com/cm/ms/what/shannonday/paper.html},
}
@ARTICLE{Tomamichel2010IEEE5550419,
  author={Tomamichel, Marco and Colbeck, Roger and Renner, Renato},
  journal={Information Theory, IEEE Transactions on},
  title={Duality Between Smooth Min- and Max-Entropies},
  year={2010},
  month=sep,
  volume={56},
  number={9},
  pages={4674--4681},
  doi={10.1109/TIT.2010.2054130},
  ISSN={0018-9448},
  archivePrefix = "arXiv",
  primaryClass = "quant-ph",
  eprint = {0907.5238},
}
@Article{Oppenheim2002PhysRevLett.89.180402,
  title = {Thermodynamical Approach to Quantifying Quantum Correlations},
  author = {Oppenheim, Jonathan  and Horodecki, Micha\l{}  and Horodecki, Pawe\l{}  and Horodecki, Ryszard },
  journal = {Phys. Rev. Lett.},
  volume = {89},
  number = {18},
  pages = {180402},
  numpages = {4},
  year = {2002},
  month = oct,
  doi = {10.1103/PhysRevLett.89.180402},
  publisher = {American Physical Society}
}
@article{Alicki2004OpenSystInfoDyn,
   author = {{Alicki}, Robert and {Horodecki}, Micha\l{} and {Horodecki}, Pawe\l{} and {Horodecki}, Ryszard},
   title = {Thermodynamics of Quantum Information Systems --- Hamiltonian Description},
   journal = {Open Systems \& Information Dynamics},
   publisher = {Springer Netherlands},
   issn = {1230-1612},
   keyword = {Computer Science},
   pages = {205--217},
   volume = {11},
   number = {3},
   doi = {10.1023/B:OPSY.0000047566.72717.71},
   year = {2004}
}
@article{Szilard1929ZeitschriftFuerPhysik,
   author = {{Szilard}, Leo},
   affiliation = {Berlin},
   title = {{\"Uber} die Entropieverminderung in einem thermodynamischen System bei Eingriffen intelligenter Wesen},
   journal = {Zeitschrift f\"ur Physik A Hadrons and Nuclei},
   publisher = {Springer Berlin / Heidelberg},
   issn = {0939-7922},
   keyword = {Physics and Astronomy},
   pages = {840--856},
   volume = 53,
   number = 11,
   doi = {10.1007/BF01341281},
   year = 1929
}
@article{Keyes1970IBMJRD_5391667,
  author={{Keyes}, Robert W. and {Landauer}, Rolf},
  journal={IBM Journal of Research and Development},
  title={Minimal Energy Dissipation in Logic},
  year=1970,
  month=mar ,
  volume=14,
  number=2,
  pages={152--157},
  keywords={},
  doi={10.1147/rd.142.0152},
  ISSN={0018-8646}
}
@article{Bennett2003501,
  author = {{Bennett}, Charles H.},
  title = {{Notes on Landauer's principle, reversible computation, and Maxwell's Demon}},
 journal = {Studies In History and Philosophy of Science Part B: Studies In History and Philosophy of Modern Physics},
  volume = 34,
  number = 3,
  pages = {501--510},
  year = 2003,
  note = {Quantum Information and Computation},
  issn = {1355-2198},
  doi = {10.1016/S1355-2198(03)00039-X},
}
@article{Bennett1982IJTP_ThermodynOfComp,
   author = {Bennett, Charles H.},
   affiliation = {IBM Watson Research Center 10598 Yorktown Heights New York},
   title = {The thermodynamics of computation---a review},
   journal = {International Journal of Theoretical Physics},
   publisher = {Springer Netherlands},
   issn = {0020-7748},
   keyword = {Physics and Astronomy},
   pages = {905--940},
   volume = {21},
   number = {12},
   doi = {10.1007/BF02084158},
   year = {1982}
}
% note: date of following is actually 27 June--2 July
@INPROCEEDINGS{Renner20041365269SmoothRenyiEntropy,
  author = {Renner, Renato and Wolf, Stephan},
  booktitle = {Information Theory, 2004. ISIT 2004. Proceedings. International Symposium on},
  title = {Smooth Renyi entropy and applications},
  year = {2004},
  month = jun,
  volume = {},
  number = {},
  pages = {233},
  doi = {10.1109/ISIT.2004.1365269},
  ISSN = {},
}
@ARTICLE{Tomamichel2009_5319753_FullyQuantAEP,
  author = {Tomamichel, Marco and Colbeck, Roger and Renner, Renato},
  journal = {Information Theory, IEEE Transactions on},
  title = {A Fully Quantum Asymptotic Equipartition Property},
  year = {2009},
  month = dec,
  volume = {55},
  number = {12},
  pages = {5840--5847},
  doi = {10.1109/TIT.2009.2032797},
  ISSN = {0018-9448},
}
@ARTICLE{Koenig2009_OpMeaningMinMaxEntr,
  author={{K\"onig}, Robert and {Renner}, Renato and Schaffner, Christian},
  journal={Information Theory, IEEE Transactions on},
  title={The Operational Meaning of Min- and Max-Entropy},
  year={2009},
  month=sep,
  volume={55},
  number={9},
  pages={4337--4347},
  doi={10.1109/TIT.2009.2025545},
  ISSN={0018-9448},
}
@INPROCEEDINGS{Renyi1960_MeasOfEntrAndInf,
  author = {{R\'enyi}, Alfr\'ed},
  booktitle = {Proceedings of the Fourth Berkeley Symposium on Mathematical Statistics and Probability},
  title = {On Measures of Entropy and Information},
  year = {1960},
  month = jun,
  volume = {Volume 1: Contributions to the Theory of Statistics},
  number = {},
  pages = {547--561},
  url = {http://projecteuclid.org/euclid.bsmsp/1200512181},
  ISSN = {},
}
@article{Abeyesinghe2009_MotherProtocols,
  author = {{Abeyesinghe}, Anura and {Devetak}, Igor and {Hayden}, Patrick and {Winter}, Andreas}, 
  title = {The mother of all protocols: restructuring quantum information's family tree}, 
  journal = {Proceedings of the Royal Society A: Mathematical, Physical and Engineering Science},
  volume = {465}, 
  number = {2108}, 
  pages = {2537--2563},
  year = {2009},
  archivePrefix = {arXiv},
  eprint = {quant-ph/0606225},
  doi = {10.1098/rspa.2009.0202},
}
@article{Horodecki2007_QStMrgAndNegInf,
   author = {Horodecki, Micha\l{} and Oppenheim, Jonathan and Winter, Andreas},
   title = {Quantum State Merging and Negative Information},
   journal = {Communications in Mathematical Physics},
   publisher = {Springer Berlin / Heidelberg},
   issn = {0010-3616},
   pages = {107--136},
   volume = {269},
   number = {1},
   doi = {10.1007/s00220-006-0118-x},
   year = {2007},
}
@article{Horodecki2005_PartialQuantInf,
  author = {{Horodecki}, Micha\l{} and {Oppenheim}, Jonathan and {Winter}, Andreas},
  title = {Partial quantum information},
  journal = {Nature},
  publisher = {Nature Publishing Group},
  issn = {0028-0836},
  pages = {673--676},
  volume = {436},
  number = {},
  year = {2005},
  month = aug,
  doi = {10.1038/nature03909},
}
@Article{Linden2009PhysRevE_QMEvolThEq,
  title = {Quantum mechanical evolution towards thermal equilibrium},
  author = {Linden, Noah  and Popescu, Sandu  and Short, Anthony J. and Winter, Andreas},
  journal = {Phys. Rev. E},
  volume = {79},
  number = {6},
  pages = {061103},
  numpages = {12},
  year = {2009},
  month = jun,
  doi = {10.1103/PhysRevE.79.061103},
  publisher = {American Physical Society}
}
@article{Uhlmann1985_TrProbStatesStAlg,
  author = {Uhlmann, Armin},
  title = {The Transition Probability for States of *-Algebras},
  journal = {Annalen der Physik},
  volume = {497},
  number = {4--6},
  publisher = {WILEY-VCH Verlag},
  issn = {1521-3889},
  doi = {10.1002/andp.19854970419},
  pages = {524--532},
  year = {1985},
}
@article{Earman1998_ExorcistXIVp1,
  author = {{Earman}, John and {Norton}, John D.},
  title = "{Exorcist} {XIV}: {The} Wrath of {Maxwell}'s Demon. {Part} {I}. {From} {Maxwell} to {Szilard}",
  journal = "Studies In History and Philosophy of Science Part B: Studies In History and Philosophy of Modern Physics",
  volume = "29",
  number = "4",
  pages = "435--471",
  year = "1998",
  issn = "1355-2198",
  doi = "10.1016/S1355-2198(98)00023-9",
}
@article{Earman1999_ExorcistXIVp2,
  author = {{Earman}, John and {Norton}, John D.},
  title = "{Exorcist} {XIV}: {The} Wrath of {Maxwell}'s Demon. {Part} {II}. {From} {Szilard} to {Landauer} and Beyond",
  journal = "Studies In History and Philosophy of Science Part B: Studies In History and Philosophy of Modern Physics",
  volume = "30",
  number = "1",
  pages = "1--40",
  year = "1999",
  issn = "1355-2198",
  doi = "10.1016/S1355-2198(98)00026-4",
}
@ARTICLE{Bennett1973IBMJRD_LogRevComp,
  author={{Bennett}, Charles H.},
  journal={IBM Journal of Research and Development},
  title={Logical Reversibility of Computation},
  year={1973},
  month=nov,
  volume={17},
  number={6},
  pages={525--532},
  doi={10.1147/rd.176.0525},
  ISSN={0018-8646},
}
@ARTICLE{Bennett1988IBMJRD_NotesHistRevComp,
  author={{Bennett}, Charles H.},
  journal={IBM Journal of Research and Development},
  title={Notes on the history of reversible computation},
  year={1988},
  month=jan,
  volume={32},
  number={1},
  pages={16--23},
  doi={10.1147/rd.321.0016},
  ISSN={0018-8646},
}
@Article{Einstein1935_EPR,
  title = {Can Quantum-Mechanical Description of Physical Reality Be Considered Complete?},
  author = {{Einstein}, Albert  and {Podolsky}, Boris  and {Rosen}, Nathan },
  journal = {Phys. Rev.},
  volume = {47},
  number = {10},
  pages = {777--780},
  numpages = {3},
  year = {1935},
  month = may,
  doi = {10.1103/PhysRev.47.777},
  publisher = {American Physical Society}
}
@Article{Bennett1993PRL_Teleportation,
  title = {Teleporting an unknown quantum state via dual classical and Einstein-Podolsky-Rosen channels},
  author = {{Bennett}, Charles H. and {Brassard}, Gilles  and {Cr\'epeau}, Claude  and {Jozsa}, Richard  and {Peres},
 Asher  and {Wootters}, William K.},
  journal = {Phys. Rev. Lett.},
  volume = {70},
  number = {13},
  pages = {1895--1899},
  numpages = {4},
  year = {1993},
  month = mar,
  doi = {10.1103/PhysRevLett.70.1895},
  publisher = {American Physical Society}
}
@Article{Horodecki2003PRA_NoisyOps,
  title = {Reversible transformations from pure to mixed states and the unique measure of information},
  author = {Horodecki, Micha\l{}  and Horodecki, Pawe\l{}  and Oppenheim, Jonathan },
  journal = {Phys. Rev. A},
  volume = {67},
  number = {6},
  pages = {062104},
  numpages = {9},
  year = {2003},
  month = jun,
  doi = {10.1103/PhysRevA.67.062104},
  publisher = {American Physical Society}
}
@Article{Bennett2011_PostulatesGenuineMultipartCorr,
  title = {Postulates for measures of genuine multipartite correlations},
  author = {Bennett, Charles H. and Grudka, Andrzej  and Horodecki, Micha\l{}  and Horodecki, Pawe\l{}
            and Horodecki, Ryszard },
  journal = {Phys. Rev. A},
  volume = {83},
  number = {1},
  pages = {012312},
  numpages = {8},
  year = {2011},
  month = jan,
  doi = {10.1103/PhysRevA.83.012312},
  publisher = {American Physical Society}
}
@Article{Maruyama2009RMP_ColloquiumPhysMaxDemAndInf,
  title = {Colloquium: The physics of Maxwell's demon and information},
  author = {{Maruyama}, Koji  and {Nori}, Franco  and {Vedral}, Vlatko },
  journal = {Rev. Mod. Phys.},
  volume = {81},
  number = {1},
  pages = {1--23},
  numpages = {22},
  year = {2009},
  month = jan,
  doi = {10.1103/RevModPhys.81.1},
  publisher = {American Physical Society}
}
@Article{Cahill1969_DensOpAndQuasiProbDist,
  title = {Density Operators and Quasiprobability Distributions},
  author = {{Cahill}, K. E. and {Glauber}, R. J.},
  journal = {Phys. Rev.},
  volume = {177},
  number = {5},
  pages = {1882--1902},
  numpages = {20},
  year = {1969},
  month = jan,
  doi = {10.1103/PhysRev.177.1882},
  publisher = {American Physical Society}
}
@Article{DAriano1994_PhysRevA50,
  title = {Detection of the density matrix through optical homodyne tomography without filtered back projection},
  author = {{D'Ariano}, G. M. and {Macchiavello}, C.  and {Paris}, M. G. A.},
  journal = {Phys. Rev. A},
  volume = {50},
  number = {5},
  pages = {4298--4302},
  numpages = {4},
  year = {1994},
  month = nov,
  doi = {10.1103/PhysRevA.50.4298},
  publisher = {American Physical Society}
}
@Article{DAriano1995_PhysRevA52,
  title = {Homodyne detection of the density matrix of the radiation field},
  author = {{D'Ariano}, G. M. and {Leonhardt}, U.  and {Paul}, H. },
  journal = {Phys. Rev. A},
  volume = {52},
  number = {3},
  pages = {R1801--R1804},
  numpages = {3},
  year = {1995},
  month = sep,
  doi = {10.1103/PhysRevA.52.R1801},
  publisher = {American Physical Society}
}
@Article{Smithey1993_PhysRevLett70,
  title = {Measurement of the Wigner distribution and the density matrix of a light mode using optical homodyne tomography: Application to squeezed states and the vacuum},
  author = {{Smithey}, D. T. and {Beck}, M.  and {Raymer}, M. G. and {Faridani}, A. },
  journal = {Phys. Rev. Lett.},
  volume = {70},
  number = {9},
  pages = {1244--1247},
  numpages = {3},
  year = {1993},
  month = mar,
  doi = {10.1103/PhysRevLett.70.1244},
  publisher = {American Physical Society}
}
@Article{Wigner1932_PhysRev40,
  title = {On the Quantum Correction For Thermodynamic Equilibrium},
  author = {{Wigner}, E.},
  journal = {Phys. Rev.},
  volume = {40},
  number = {5},
  pages = {749--759},
  numpages = {10},
  year = {1932},
  month = jun,
  doi = {10.1103/PhysRev.40.749},
  publisher = {American Physical Society}
}
@Article{Fano1957_RevModPhys29,
  title = {Description of States in Quantum Mechanics by Density Matrix and Operator Techniques},
  author = {Fano, U. },
  journal = {Rev. Mod. Phys.},
  volume = {29},
  number = {1},
  pages = {74--93},
  numpages = {19},
  year = {1957},
  month = jan,
  doi = {10.1103/RevModPhys.29.74},
  publisher = {American Physical Society}
}
@Article{Agarwal1981_PhysRevA24,
  title = {Relation between atomic coherent-state representation, state multipoles, and generalized
           phase-space distributions},
  author = {Agarwal, G. S.},
  journal = {Phys. Rev. A},
  volume = 24,
  number = 6,
  pages = {2889--2896},
  numpages = 7,
  year = 1981,
  month = dec,
  doi = {10.1103/PhysRevA.24.2889},
  publisher = {American Physical Society}
}
@Article{Dowling1994_PhysRevA49,
  title = {Wigner distribution of a general angular-momentum state: Applications to a collection of
           two-level atoms},
  author = {Dowling, Jonathan P. and Agarwal, G. S. and Schleich, Wolfgang P.},
  journal = {Phys. Rev. A},
  volume = {49},
  number = {5},
  pages = {4101--4109},
  numpages = {8},
  year = {1994},
  month = may,
  doi = {10.1103/PhysRevA.49.4101},
  publisher = {American Physical Society}
}
@article{Cohen1986_JointWignerDistr,
   author = {{Cohen}, Leon and {Scully}, Marlan},
   affiliation = {University of New Mexico Certer for Advanced Studies, 87131 Albuquerque New Mexico},
   title = {Joint Wigner distribution for spin-1/2 particles},
   journal = {Foundations of Physics},
   publisher = {Springer Netherlands},
   issn = {0015-9018},
   keyword = {Physics and Astronomy},
   pages = {295--310},
   volume = 16,
   number = 4,
   doi = {10.1007/BF01882690},
   year = 1986
}
@article{Bertrand1987_FoundPhys,
   author = {Bertrand, J. and Bertrand, P.},
   affiliation = {Universit\'e Paris VII, L.P.T.M. Tour 33-43, 2, Place Jussieu 75251 Paris Cedex 05 France},
   title = {A tomographic approach to Wigner's function},
   journal = {Foundations of Physics},
   publisher = {Springer Netherlands},
   issn = {0015-9018},
   keyword = {Physics and Astronomy},
   pages = {397--405},
   volume = 17,
   number = 4,
   doi = {10.1007/BF00733376},
   year = 1987
}
@Article{Bianchetti2010_PhysRevLett105,
  title = {Control and Tomography of a Three Level Superconducting Artificial Atom},
  author = {Bianchetti, R.  and Filipp, S.  and Baur, M.  and Fink, J. M. and Lang, C.  and Steffen, L.  and Boissonneault, M.  and Blais, A.  and Wallraff, A. },
  journal = {Phys. Rev. Lett.},
  volume = {105},
  number = {22},
  pages = {223601},
  numpages = {4},
  year = {2010},
  month = nov,
  doi = {10.1103/PhysRevLett.105.223601},
  publisher = {American Physical Society}
}
@Article{Thew2002_PhysRevA66,
  title = {Qudit quantum-state tomography},
  author = {Thew, R. T. and Nemoto, K.  and White, A. G. and Munro, W. J.},
  journal = {Phys. Rev. A},
  volume = {66},
  number = {1},
  pages = {012303},
  numpages = {6},
  year = {2002},
  month = jul,
  doi = {10.1103/PhysRevA.66.012303},
  publisher = {American Physical Society}
}
@article{Caves2002_JMP43,
  author = {{Caves}, Carlton M. and {Fuchs}, Christopher A. and {Schack}, R\"{u}diger },
  collaboration = {},
  title = {Unknown quantum states: The quantum de Finetti representation},
  publisher = {AIP},
  year = {2002},
  journal = {Journal of Mathematical Physics},
  volume = {43},
  number = {9},
  pages = {4537--4559},
  keywords = {quantum theory; bound states; probability; Hilbert spaces; information theory; eigenvalues and eigenfunctions; Bayes methods},
  doi = {10.1063/1.1494475}
}
@article{delRio2011Nature,
  author={del Rio, L\'\i{}dia and \AA{}berg, Johan and Renner, Renato and Dahlsten, Oscar and Vedral, Vlatko},
  title={The thermodynamic meaning of negative entropy},
  publisher={Nature Publishing Group},
  journal = {Nature},
  pages={61--63},
  year=2011,
  doi={10.1038/nature10123},
  volume=474,
  number=7349,
  archivePrefix = "arXiv",
  eprint = {1009.1630},
  primaryClass = "quant-ph",
}
@article{SheppLogan1974IEEE,
  author = {{Shepp}, L. A. and {Logan}, B. F.}, 
  journal = {Nuclear Science, IEEE Transactions on},
  title = {Reconstructing Interior Head Tissue from X-Ray Transmissions},
  year = {1974},
  month = feb, 
  volume = {21}, 
  number = {1}, 
  pages = {228--236}, 
  keywords = {}, 
  doi = {10.1109/TNS.1974.4327466}, 
  ISSN = {0018-9499},
}
@article{Cormack1963JAP,
  author = {{Cormack}, A. M.},
  collaboration = {},
  title = {Representation of a Function by Its Line Integrals, with Some Radiological Applications},
  publisher = {AIP},
  year = {1963},
  journal = {Journal of Applied Physics},
  volume = {34},
  number = {9},
  pages = {2722--2727},
  doi = {10.1063/1.1729798}
}
@article{Cormack1964JAP,
  author = {{Cormack}, A. M.},
  collaboration = {},
  title = {Representation of a Function by Its Line Integrals, with Some Radiological Applications. II},
  publisher = {AIP},
  year = {1964},
  journal = {Journal of Applied Physics},
  volume = {35},
  number = {10},
  pages = {2908--2913},
  doi = {10.1063/1.1713127}
}
@article{Renes2004JMP,
  author = {{Renes}, Joseph M. and {Blume-Kohout}, Robin and {Scott}, A. J. and {Caves}, Carlton M.},
  collaboration = {},
  title = {Symmetric informationally complete quantum measurements},
  publisher = {AIP},
  year = {2004},
  journal = {Journal of Mathematical Physics},
  volume = {45},
  number = {6},
  pages = {2171--2180},
  keywords = {quantum theory; quantum cryptography; group theory},
  doi = {10.1063/1.1737053}
}
@article{FlammiaCaves2005FoundPhys,
   author = {{Flammia}, Steven and {Silberfarb}, Andrew and {Caves}, Carlton M.},
   affiliation = {University of New Mexico Department of Physics and Astronomy Albuquerque, New Mexico},
   title = {Minimal Informationally Complete Measurements for Pure States},
   journal = {Foundations of Physics},
   publisher = {Springer Netherlands},
   issn = {0015-9018},
   keyword = {Physics and Astronomy},
   pages = {1985--2006},
   volume = {35},
   number = {12},
   doi = {10.1007/s10701-005-8658-z},
   year = {2005}
}
@article{Caves2007HistPhilModPhys,
  title = {Subjective probability and quantum certainty},
  journal = {Studies In History and Philosophy of Science Part B: Studies In History and Philosophy of Modern Physics},
  volume = 38,
  number = 2,
  pages = {255--274},
  year = 2007,
  note = {Probabilities in quantum mechanics},
  issn = {1355-2198},
  doi = {10.1016/j.shpsb.2006.10.007},
  author = {{Caves}, Carlton M.  and  {Fuchs}, Christopher A.  and  {Schack}, R\"udiger},
  keywords = "Subjective probability",
  keywords = "de Finetti",
  keywords = "Copenhagen interpretation",
  keywords = "State preparation",
  keywords = "Certainty"
}
@article{Fuchs2004PhysRevA69,
  title = {De Finetti representation theorem for quantum-process tomography},
  author = {{Fuchs}, Christopher A. and {Schack}, R\"udiger  and {Scudo}, Petra F.},
  journal = {Phys. Rev. A},
  volume = {69},
  number = {6},
  pages = {062305},
  numpages = {6},
  year = {2004},
  month = jun,
  doi = {10.1103/PhysRevA.69.062305},
  publisher = {American Physical Society}
}
@article{Caves2002PhysRevA65,
  title = {Quantum probabilities as Bayesian probabilities},
  author = {{Caves}, Carlton M. and {Fuchs}, Christopher A. and {Schack}, R\"udiger},
  journal = {Phys. Rev. A},
  volume = {65},
  number = {2},
  pages = {022305},
  numpages = {6},
  year = {2002},
  month = jan,
  doi = {10.1103/PhysRevA.65.022305},
  publisher = {American Physical Society}
}
@article{Fuchs2011FoundPhys,
   author = {{Fuchs}, Christopher and {Schack}, R\"udiger},
   affiliation = {Perimeter Institute for Theoretical Physics, Waterloo, Ontario N2L 2Y5, Canada},
   title = {A Quantum-Bayesian Route to Quantum-State Space},
   journal = {Foundations of Physics},
   publisher = {Springer Netherlands},
   issn = {0015-9018},
   keyword = {Physics and Astronomy},
   pages = {345--356},
   volume = {41},
   number = {3},
   doi = {10.1007/s10701-009-9404-8},
   year = {2011}
}
@article{Gross2010PRL,
  title = {Quantum State Tomography via Compressed Sensing},
  author = {{Gross}, David  and {Liu}, Yi-Kai  and {Flammia}, Steven T. and {Becker}, Stephen  and {Eisert}, Jens},
  journal = {Phys. Rev. Lett.},
  volume = 105,
  number = 15,
  pages = 150401,
  numpages = 4,
  year = 2010,
  month = oct,
  doi = {10.1103/PhysRevLett.105.150401},
  publisher = {American Physical Society}
}
@article{Vedral1997PRL,
  title = {Quantifying Entanglement},
  author = {Vedral, Vlatko  and Plenio, Martin B. and Rippin, M. A. and Knight, Peter L.},
  journal = {Phys. Rev. Lett.},
  volume = {78},
  number = {12},
  pages = {2275--2279},
  numpages = {4},
  year = {1997},
  month = mar,
  doi = {10.1103/PhysRevLett.78.2275},
  publisher = {American Physical Society}
}
@article{Peres1991PRL,
  title = {Optimal detection of quantum information},
  author = {Peres, Asher  and Wootters, William K.},
  journal = {Phys. Rev. Lett.},
  volume = {66},
  number = {9},
  pages = {1119--1122},
  numpages = {3},
  year = {1991},
  month = mar,
  doi = {10.1103/PhysRevLett.66.1119},
  publisher = {American Physical Society}
}
@Article{Vedral2002RMP,
  title = {The role of relative entropy in quantum information theory},
  author = {{Vedral}, Vlatko},
  journal = {Rev. Mod. Phys.},
  volume = {74},
  number = {1},
  pages = {197--234},
  numpages = {37},
  year = {2002},
  month = mar,
  doi = {10.1103/RevModPhys.74.197},
  publisher = {American Physical Society}
}
@article{Peres1984AJP,
  title = {What is a state vector?},
  journal = {Am. J. Phys.},
  author = {Peres, Asher},
  publisher = {AAPT},
  year = {1984},
  doi = {10.1119/1.13586},
  issn = {00029505},
  coden = {AJPIAS},
  volume = {52},
  number = {7},
  pages = {644--650},
  keywords = {quantum mechanics; eigenstates; eigenvectors; hilbert space; wave functions; density matrix; s matrix; },
}
@article{Hayden2006CommMP,
   author = {{Hayden}, Patrick and {Leung}, Debbie W. and {Winter}, Andreas},
   affiliation = {Institute for Quantum Information Caltech 107-81 Pasadena CA 91125 USA},
   title = {Aspects of Generic Entanglement},
   journal = {Communications in Mathematical Physics},
   publisher = {Springer Berlin / Heidelberg},
   issn = {0010-3616},
   keyword = {Physics and Astronomy},
   pages = {95--117},
   volume = 265,
   number = 1,
   doi = {10.1007/s00220-006-1535-6},
   year = 2006
}
@article{Jozsa1998PRL81,
  title = {Universal Quantum Information Compression},
  author = {Jozsa, Richard  and Horodecki, Micha\l{}  and Horodecki, Pawe\l{}  and Horodecki, Ryszard },
  journal = {Phys. Rev. Lett.},
  volume = 81,
  number = 8,
  pages = {1714--1717},
  numpages = 3,
  year = 1998,
  month = aug,
  doi = {10.1103/PhysRevLett.81.1714},
  publisher = {American Physical Society}
}
@article{Devetak2008IEEE,
  author={{Devetak}, Igor and {Harrow}, Aram W. and {Winter}, Andreas J.},
  journal={Information Theory, IEEE Transactions on},
  title={A Resource Framework for Quantum Shannon Theory},
  year={2008},
  month=oct,
  volume={54},
  number={10},
  pages={4587--4618},
  keywords={asymptotic properties;entanglement distillation;noisy channel coding theorems;quantum Shannon theory;quantum source compression;resource framework;channel coding;data compression;quantum entanglement;},
  doi={10.1109/TIT.2008.928980},
  ISSN={0018-9448},
}
@Article{Horodecki1997PRL,
  title = {Inseparable Two Spin-$1/2$ Density Matrices Can Be Distilled to a Singlet Form},
  author = {Horodecki, Micha\l{}  and Horodecki, Pawe\l{}  and Horodecki, Ryszard },
  journal = {Phys. Rev. Lett.},
  volume = 78,
  number = 4,
  pages = {574--577},
  numpages = 3,
  year = 1997,
  month = jan,
  doi = {10.1103/PhysRevLett.78.574},
  publisher = {American Physical Society}
}
@ARTICLE{Datta2009IEEE,
  author={Datta, Nilanjana},
  journal={Information Theory, IEEE Transactions on},
  title={Min- and Max-Relative Entropies and a New Entanglement Monotone},
  year=2009,
  month=jun,
  volume=55,
  number=6,
  pages={2816--2826},
  keywords={entanglement monotone;information spectrum;max-relative entropies;min-relative entropies;relative entropy quantities;smooth Renyi entropies;spectral divergence rates;maximum entropy methods;minimum entropy methods;quantum entanglement;},
  doi={10.1109/TIT.2009.2018325},
  ISSN={0018-9448},
}
@Article{Nielsen1999PRL,
  title = {Conditions for a Class of Entanglement Transformations},
  author = {Nielsen, Michael A.},
  journal = {Phys. Rev. Lett.},
  volume = 83,
  number = 2,
  pages = {436--439},
  numpages = 3,
  year = 1999,
  month = jul,
  doi = {10.1103/PhysRevLett.83.436},
  publisher = {American Physical Society}
}
@Article{Vidal2002PRL_Catalysis,
  title = {Catalysis in Nonlocal Quantum Operations},
  author = {{Vidal}, Guifre  and {Cirac}, J. Ignacio},
  journal = {Phys. Rev. Lett.},
  volume = 88,
  number = 16,
  pages = 167903,
  numpages = 4,
  year = 2002,
  month = apr,
  doi = {10.1103/PhysRevLett.88.167903},
  publisher = {American Physical Society}
}
@Article{Horodecki2005PRA_LvsNL,
  title = {Local versus nonlocal information in quantum-information theory: Formalism and phenomena},
  author = {Horodecki, Micha\l{}  and Horodecki, Pawe\l{}  and Horodecki, Ryszard  and Oppenheim, Jonathan  and Sen(De), Aditi  and Sen, Ujjwal  and Synak-Radtke, Barbara },
  journal = {Phys. Rev. A},
  volume = 71,
  number = 6,
  pages = 062307,
  numpages = 25,
  year = 2005,
  month = jun,
  doi = {10.1103/PhysRevA.71.062307},
  publisher = {American Physical Society}
}
@article{Hradil1997PRA_MLE,
  title = {Quantum-state estimation},
  author = {Hradil, Z.},
  journal = {Phys. Rev. A},
  volume = {55},
  issue = {3},
  pages = {R1561--R1564},
  year = {1997},
  month = mar,
  doi = {10.1103/PhysRevA.55.R1561},
  publisher = {American Physical Society}
}
@Article{Rehacek2001PRA,
  title = {Iterative algorithm for reconstruction of entangled states},
  author = {{\ifmmode \check{R}\else \v{R}\fi{}eh\'a\ifmmode \check{c}\else \v{c}\fi{}ek}, J.  and {Hradil}, Z.  and {Je\ifmmode \check{z}\else \v{z}\fi{}ek}, M. },
  journal = {Phys. Rev. A},
  volume = 63,
  number = 4,
  pages = 040303,
  numpages = 4,
  year = 2001,
  month = mar,
  doi = {10.1103/PhysRevA.63.040303},
  publisher = {American Physical Society}
}
@Article{Lee2000PRA,
  title = {Quantum teleportation and Bell's inequality using single-particle entanglement},
  author = {Lee, Hai-Woong  and Kim, Jaewan },
  journal = {Phys. Rev. A},
  volume = 63,
  number = 1,
  pages = 012305,
  numpages = 5,
  year = 2000,
  month = dec,
  doi = {10.1103/PhysRevA.63.012305},
  publisher = {American Physical Society}
}
@article{Bekenstein1973PRD_Hologr,
  title = {Black Holes and Entropy},
  author = {Bekenstein, Jacob D.},
  year = {1973},
  pages = {2333--2346},
  month = apr,
  volume = {7},
  doi = {10.1103/PhysRevD.7.2333},
  number = {8},
  journal = {Phys. Rev. D},
  publisher = {American Physical Society}
}
@article{Bousso2002RMP_Hologr,
  title = {The holographic principle},
  author = {Bousso, Raphael},
  journal = {Rev. Mod. Phys.},
  month = aug,
  year = 2002,
  pages = {825--874},
  volume = 74,
  doi = {10.1103/RevModPhys.74.825},
  number = 3,
  publisher = {American Physical Society}
}
@article{BlumeKohout2010PRL_HedgedMLE,
  author = {{Blume-Kohout}, Robin},
  title = {Hedged Maximum Likelihood Quantum State Estimation},
  year = 2010,
  month = nov,
  pages = 200504,
  journal = {Phys. Rev. Lett.},
  volume = 105,
  numpages = 4,
  doi = {10.1103/PhysRevLett.105.200504},
  number = 20,
  publisher = {American Physical Society},
}
@article{Refaghat2010JGLTA_NumOfGZPatt,
  author = {{Refaghat}, H.  and  {Shahryari}, M.},
  title = {A formula for the number of Gelfand-Zetlin patterns},
  year = 2010,
  month = oct,
  pages = {G100201},
  journal = {Journal of Generalized Lie Theory and Applications},
  volume = 4,
  numpages = 8,
  doi = {10.4303/jglta/G100201},
  number = 1,
  publisher = {Ashdin Publishing}
}
@article{Filipp2009PRL,
  author = {Filipp, S. and Maurer, P. and Leek, P. J. and Baur, M. and Bianchetti, R. and Fink, J. M. and {G\"oppl}, M. and Steffen, L. and Gambetta, J. M. and Blais, A. and Wallraff, A.},
  title = {Two-Qubit State Tomography Using a Joint Dispersive Readout},
  year = 2009,
  pages = 200402,
  journal = {Phys. Rev. Lett.},
  volume = 102,
  numpages = 4,
  number = 20,
  month = may,
  doi = {10.1103/PhysRevLett.102.200402},
  publisher = {American Physical Society},
}
@article{Duffin52TAMS,
  author = {{Duffin}, R. J.  and  {Schaeffer}, A. C.},
  title = {A class of nonharmonic Fourier series},
  journal = {Trans. Amer. Math. Soc},
  volume = 72,
  number = {2},
  year = 1952,
  pages = {3410--366},
  ISSN = {0002-9947},
  doi = {10.1090/S0002-9947-1952-0047179-6},
  publisher = {American Mathematical Society},
}
@article{Dirac1933LagrangianInQM,
  author = {{Dirac}, Paul A. M},
  title = {The Lagrangian in Quantum Mechanics},
  journal = {Physikalische Zeitschrift der Sowjetunion},
  volume = 3,
  number = 1,
  year = 1933,
  pages = {64--72},
  ISSN = {0369-9811},
  doi = {},
  publisher = {},
  url = {http://ebooks.worldscinet.com/ISBN/9789812567635/9789812567635_0003.html}
}
@article{Feynman1948PathIntegral,
  author = {{Feynman}, Richard P.},
  title = {Space-Time Approach to Non-Relativistic Quantum Mechanics},
  month = apr,
  year = {1948},
  journal = {Rev. Mod. Phys.},
  volume = {20},
  number = {2},
  pages = {367--387},
  publisher = {American Physical Society},
  doi = {10.1103/RevModPhys.20.367}
}
@article{Popescu1994FP,
   author = {{Popescu}, Sandu and {Rohrlich}, Daniel},
   affiliation = {Université Libre de Bruxelles, Campus Plaine Boulevard du Triomphe C.P. 225 B-1050 Bruxelles Belgium Boulevard du Triomphe C.P. 225 B-1050 Bruxelles Belgium},
   title = {Quantum nonlocality as an axiom},
   journal = {Foundations of Physics},
   publisher = {Springer Netherlands},
   issn = {0015-9018},
   keyword = {Physics and Astronomy},
   pages = {379--385},
   volume = {24},
   issue = {3},
   doi = {10.1007/BF02058098},
   year = {1994}
}
@article{Feynman1982IJTP,
   author = {{Feynman}, Richard},
   affiliation = {California Institute of Technology Department of Physics 91107 Pasadena California},
   title = {Simulating physics with computers},
   journal = {International Journal of Theoretical Physics},
   publisher = {Springer Netherlands},
   issn = {0020-7748},
   keyword = {Physics and Astronomy},
   pages = {467--488},
   volume = {21},
   issue = {6},
   doi = {10.1007/BF02650179},
   year = {1982}
}
@article{Nielsen2006SMag,
  author = {Nielsen, Michael A. and Dowling, Mark R. and Gu, Mile and Doherty, Andrew C.}, 
  title = {Quantum Computation as Geometry}, 
  volume = {311}, 
  number = {5764}, 
  pages = {1133--1135}, 
  year = {2006},
  doi = {10.1126/science.1121541}, 
  eprint = {http://www.sciencemag.org/content/311/5764/1133.full.pdf}, 
  journal = {Science} 
}
@article{Ando1994LAA,
  author = {Ando, Tsuyoshi  and  Hiai, Fumio},
  title = {Log majorization and complementary Golden-Thompson type inequalities},
  journal = {Linear Algebra and its Applications},
  volume = {197-198},
  number = 0,
  pages = {113--131},
  year = 1994,
  issn = {0024-3795},
  doi = {10.1016/0024-3795(94)90484-7},
}
@article{Mehta2008PRL,
  author = {Mehta, Pankaj and Andrei, Natan},
  volume = {100},
  journal = {Phys. Rev. Lett.},
  numpages = {4},
  month = feb,
  title = {Nonequilibrium Quantum Impurities: From Entropy Production to Information Theory},
  year = {2008},
  doi = {10.1103/PhysRevLett.100.086804},
  issue = {8},
  publisher = {American Physical Society},
  pages = {086804}
}
@article{tHooft2007JoP,
  author={{'t Hooft}, Gerard},
  title={A mathematical theory for deterministic quantum mechanics},
  journal={Journal of Physics: Conference Series},
  volume={67},
  number={1},
  pages={012015},
  doi={10.1088/1742-6596/67/1/012015},
  url={http://stacks.iop.org/1742-6596/67/i=1/a=012015},
  year={2007},
}
@article{Hiroshima2003PRL,
  author = {Hiroshima, Tohya},
  journal = {Phys. Rev. Lett.},
  numpages = {4},
  month = {Aug},
  doi = {10.1103/PhysRevLett.91.057902},
  issue = {5},
  title = {Majorization Criterion for Distillability of a Bipartite Quantum State},
  year = {2003},
  publisher = {American Physical Society},
  pages = {057902},
  volume = {91}
}
@article{Sugiyama2011PRA_Errors,
  author = {Sugiyama, Takanori and Turner, Peter S. and Murao, Mio},
  title = {Error probability analysis in quantum tomography: A tool for evaluating experiments},
  publisher = {American Physical Society},
  year = {2011},
  month = jan,
  pages = {012105},
  volume = {83},
  issue = {1},
  journal = {Phys. Rev. A},
  numpages = {12},
  doi = {10.1103/PhysRevA.83.012105},
}
@article{Sugiyama2012PRA_AdaptiveTomo,
  title = {Adaptive experimental design for one-qubit state estimation with finite data based on a statistical update criterion},
  author = {Sugiyama, Takanori and Turner, Peter S. and Murao, Mio},
  journal = {Phys. Rev. A},
  volume = {85},
  issue = {5},
  pages = {052107},
  numpages = {14},
  year = {2012},
  month = may,
  doi = {10.1103/PhysRevA.85.052107},
  publisher = {American Physical Society}
}
@article{HorodeckiK2005PRL,
  author = {Horodecki, Karol and Horodecki, Micha\l{} and Horodecki, Pawe\l{} and Oppenheim, Jonathan},
  volume = {94},
  journal = {Phys. Rev. Lett.},
  month = may,
  numpages = {4},
  title = {Locking Entanglement with a Single Qubit},
  year = {2005},
  doi = {10.1103/PhysRevLett.94.200501},
  issue = {20},
  publisher = {American Physical Society},
  pages = {200501}
}
@article{Gour2009PRA,
  author = {Gour, Gilad and Marvian, Iman and Spekkens, Robert W.},
  volume = {80},
  journal = {Phys. Rev. A},
  month = jul,
  numpages = {11},
  title = {Measuring the quality of a quantum reference frame: The relative entropy of frameness},
  year = {2009},
  doi = {10.1103/PhysRevA.80.012307},
  issue = {1},
  publisher = {American Physical Society},
  pages = {012307}
}
@article{Janzing2000IJTP,
   author = {Janzing, D.  and Wocjan, P.  and Zeier, R.  and Geiss, R.  and Beth, Th.},
   title = {Thermodynamic Cost of Reliability and Low Temperatures: Tightening Landauer's Principle and the Second Law},
   journal = {International Journal of Theoretical Physics},
   publisher = {Springer Netherlands},
   issn = {0020-7748},
   keyword = {Physics and Astronomy},
   pages = {2717--2753},
   volume = {39},
   issue = {12},
   doi = {10.1023/A:1026422630734},
   year = {2000}
}
@article{Nielsen2001PRL,
  volume = {86},
  journal = {Phys. Rev. Lett.},
  month = may,
  author = {Nielsen, M. A. and Kempe, J.},
  title = {Separable States Are More Disordered Globally than Locally},
  year = {2001},
  doi = {10.1103/PhysRevLett.86.5184},
  issue = {22},
  publisher = {American Physical Society},
  pages = {5184--5187}
}
@article{Aaberg2003AoP,
  author = {\AA{}berg, Johan},
  title = {Subspace preservation, subspace locality, and gluing of completely positive maps},
  journal = {Annals of Physics},
  volume = 313,
  number = 2,
  pages = {326--367},
  year = 2004,
  issn = {0003-4916},
  doi = {10.1016/j.aop.2004.04.013}
}
@article{Rehacek2007PRA,
  author = {\ifmmode \check{R}\else \v{R}\fi{}eh\'a\ifmmode \check{c}\else \v{c}\fi{}ek, Jaroslav and Hradil, Zden\ifmmode \check{e}\else \v{e}\fi{}k and Knill, E. and Lvovsky, A. I.},
  title = {Diluted maximum-likelihood algorithm for quantum tomography},
  volume = 75,
  journal = {Phys. Rev. A},
  month = apr,
  numpages = 5,
  year = 2007,
  doi = {10.1103/PhysRevA.75.042108},
  issue = 4,
  publisher = {American Physical Society},
  pages = 042108
}
@article{Dahlsten2011NJP,
  author={Dahlsten, Oscar C. O. and Renner, Renato and Rieper, Elisabeth  and Vedral, Vlatko},
  title={Inadequacy of von Neumann entropy for characterizing extractable work},
  journal={New Journal of Physics},
  volume=13,
  number=5,
  pages=053015,
  doi={10.1088/1367-2630/13/5/053015},
  year=2011,
}
@article{Ruch1978JCP,
  author = {Ruch, Ernst  and Schranner, Rudolf  and Seligman, Thomas H.},
  collaboration = {},
  title = {The mixing distance},
  publisher = {AIP},
  year = {1978},
  journal = {The Journal of Chemical Physics},
  volume = {69},
  number = {1},
  pages = {386--392},
  doi = {10.1063/1.436364}
}
@article{Joe1990JMAA,
  author = {Harry, Joe},
  title = {Majorization and divergence},
  journal = {Journal of Mathematical Analysis and Applications},
  volume = {148},
  number = {2},
  pages = {287--305},
  year = {1990},
  note = {},
  issn = {0022-247X},
  doi = {10.1016/0022-247X(90)90002-W}
}
@article{Ruch1980JMAA,
  author = {Ruch, Ernst  and Schranner, Rudolf  and Seligman, Thomas H.},
  title = {Generalization of a theorem by {Hardy}, {Littlewood}, and {P\'olya}},
  journal = {Journal of Mathematical Analysis and Applications},
  volume = {76},
  number = {1},
  pages = {222--229},
  year = {1980},
  note = {},
  issn = {0022-247X},
  doi = {10.1016/0022-247X(80)90075-X}
}
@article{Everett1957RMP,
  volume = {29},
  journal = {Rev. Mod. Phys.},
  month = jul,
  author = {{Everett}, Hugh},
  title = {"Relative State" Formulation of Quantum Mechanics},
  year = {1957},
  doi = {10.1103/RevModPhys.29.454},
  issue = {3},
  publisher = {American Physical Society},
  pages = {454--462}
}
@article{Feynman1949PR_TheoryOfPositrons,
  volume = {76},
  journal = {Phys. Rev.},
  month = sep,
  author = {Feynman, R. P.},
  title = {The Theory of Positrons},
  year = {1949},
  doi = {10.1103/PhysRev.76.749},
  issue = {6},
  publisher = {American Physical Society},
  pages = {749--759}
}
@article{Fedorov2012Nat,
  author = {{Fedorov}, A. and {Steffen}, L. and {Baur}, M. and {da Silva}, M. P. and {Wallraff}, A.},
  title = {Implementation of a Toffoli gate with superconducting circuits},
  journal = {Nature},
  volume = {481},
  pages = {170--172},
  publisher = {Nature Publishing Group},
  issn = {0028-0836},
  year = 2012,
  mon = jan,
  number = {7380},
  doi = {10.1038/nature10713}
}
@article{Chuang1997JMO,
  author = {Chuang, Isaac L. and Nielsen, M. A.},
  title = {Prescription for experimental determination of the dynamics of a quantum black box},
  journal = {Journal of Modern Optics},
  volume = {44},
  number = {11-12},
  pages = {2455--2467},
  year = {1997},
  doi = {10.1080/09500349708231894}
}
@article{Candes2010ProcIEEE,
  author = {{Cand\`es}, E. J. and {Plan}, Y.},
  journal = {Proceedings of the IEEE},
  title = {Matrix Completion With Noise},
  year = {2010},
  month = jun,
  volume = {98},
  number = {6},
  pages = {925--936},
  keywords={compressed sensing;convex optimization problem;data constraints;low rank matrices;matrix completion;nuclear norm minimization;data integrity;matrix algebra;minimisation;noise;signal sampling;},
  doi={10.1109/JPROC.2009.2035722},
  ISSN={0018-9219},
}
@article{Teo2011PRA,
  author = {Teo, Yong Siah and Englert, Berthold-Georg and \ifmmode \check{R}\else \v{R}\fi{}eh\'a\ifmmode \check{c}\else \v{c}\fi{}ek, Jaroslav and Hradil, Zden\ifmmode \check{e}\else \v{e}\fi{}k},
  volume = {84},
  journal = {Phys. Rev. A},
  month = dec,
  numpages = {9},
  title = {Adaptive schemes for incomplete quantum process tomography},
  year = {2011},
  doi = {10.1103/PhysRevA.84.062125},
  issue = {6},
  publisher = {American Physical Society},
  pages = {062125}
}
@article{Christandl2009PRL_Postselection,
  author = {Christandl, Matthias and K\"onig, Robert and Renner, Renato},
  volume = {102},
  journal = {Phys. Rev. Lett.},
  month = jan,
  numpages = {4},
  title = {Postselection Technique for Quantum Channels with Applications to Quantum Cryptography},
  year = {2009},
  doi = {10.1103/PhysRevLett.102.020504},
  issue = {2},
  publisher = {American Physical Society},
  pages = {020504}
}
@article{James2001PRA_KwiatQubitTomo,
  volume = {64},
  journal = {Phys. Rev. A},
  author = {James, Daniel F. V. and Kwiat, Paul G. and Munro, William J. and White, Andrew G.},
  month = oct,
  doi = {10.1103/PhysRevA.64.052312},
  year = {2001},
  title = {Measurement of qubits},
  issue = {5},
  publisher = {American Physical Society},
  numpages = {15},
  pages = {052312},
}
@article{Linden2010PRL_SmallFridge,
  volume = {105},
  journal = {Phys. Rev. Lett.},
  author = {Linden, Noah and Popescu, Sandu and Skrzypczyk, Paul},
  month = sep,
  doi = {10.1103/PhysRevLett.105.130401},
  year = {2010},
  title = {How Small Can Thermal Machines Be? The Smallest Possible Refrigerator},
  issue = {13},
  publisher = {American Physical Society},
  numpages = {4},
  pages = {130401}
}
@article{Bianchetti2009PRA,
  author = {Bianchetti, R. and Filipp, S. and Baur, M. and Fink, J. M. and G\"oppl, M. and Leek, P. J. and Steffen, L. and Blais, A. and Wallraff, A.},
  title = {Dynamics of dispersive single-qubit readout in circuit quantum electrodynamics},
  volume = {80},
  journal = {Phys. Rev. A},
  month = oct,
  doi = {10.1103/PhysRevA.80.043840},
  year = {2009},
  issue = {4},
  publisher = {American Physical Society},
  numpages = {7},
  pages = {043840},
}
@article{Riera2012PRL,
  title = {Thermalization in Nature and on a Quantum Computer},
  author = {Riera, Arnau and Gogolin, Christian and Eisert, Jens},
  journal = {Phys. Rev. Lett.},
  volume = {108},
  issue = {8},
  pages = {080402},
  numpages = {5},
  year = {2012},
  month = feb,
  doi = {10.1103/PhysRevLett.108.080402},
  publisher = {American Physical Society}
}
@article{Smolin2012PRL_EfficientMLE,
  title = {Efficient Method for Computing the Maximum-Likelihood Quantum State from Measurements with Additive Gaussian Noise},
  author = {Smolin, John A. and Gambetta, Jay M. and Smith, Graeme},
  journal = {Phys. Rev. Lett.},
  volume = {108},
  issue = {7},
  pages = {070502},
  numpages = {4},
  year = {2012},
  month = feb,
  doi = {10.1103/PhysRevLett.108.070502},
  publisher = {American Physical Society}
}
@article{Bruening2012JMO_ParamDM,
  author = {Br\"uning, E. and M\"akel\"a, H. and Messina, A. and Petruccione, F.},
  title = {Parametrizations of density matrices},
  journal = {Journal of Modern Optics},
  volume = {59},
  number = {1},
  pages = {1--20},
  year = {2012},
  doi = {10.1080/09500340.2011.632097},
  eprint = {http://www.tandfonline.com/doi/pdf/10.1080/09500340.2011.632097}
}
@Article{Yao2012Nat,
  title = {Experimental demonstration of topological error correction},
  author = {Yao, Xing-Can and Wang, Tian-Xiong and Chen, Hao-Ze and Gao, Wei-Bo and Fowler, Austin G. and Raussendorf, Robert and Chen, Zeng-Bing and Liu, Nai-Le and Lu, Chao-Yang and Deng, You-Jin and Chen, Yu-Ao and Pan, Jian-Wei},
  journal = {Nature},
  pages = {489--494},
  year = {2012},
  doi = {10.1038/nature10770},
  volume = {482},
  number = {7386},
  XExportBy={ris2bib}
}
@ARTICLE{Tomamichel2011TIT_LeftoverHashing,
  author = {Tomamichel, M. and Schaffner, C. and Smith, A. and Renner, R.},
  journal = {Information Theory, IEEE Transactions on},
  title = {Leftover Hashing Against Quantum Side Information},
  year = {2011},
  month = aug,
  volume = {57},
  number = {8},
  pages = {5524--5535},
  keywords={cryptography;information processing;leftover hash Lemma state;leftover hashing;quantum side information;two universal family;quantum cryptography;},
  doi = {10.1109/TIT.2011.2158473},
  ISSN = {0018-9448},
}
@article{Vogel1989PRA_tomo,
  title = {Determination of quasiprobability distributions in terms of probability distributions for the rotated quadrature phase},
  author = {Vogel, K. and Risken, H.},
  journal = {Phys. Rev. A},
  volume = {40},
  issue = {5},
  pages = {2847--2849},
  year = {1989},
  month = sep,
  doi = {10.1103/PhysRevA.40.2847},
  publisher = {American Physical Society}
}
@article{Usmani2012NPhot,
  title={Heralded quantum entanglement between two crystals},
  author={Usmani, Imam and Clausen, Christoph and Bussieres, Felix and Sangouard, Nicolas and Afzelius, Mikael and Gisin, Nicolas},
  journal={Nature Photonics},
  pages={234--237},
  year={2012},
  doi={10.1038/nphoton.2012.34},
  volume={6},
  number={4},
  XExportBy={ris2bib}
}
@article{Coles2012PRL_UncertRel,
  title = {Uncertainty Relations from Simple Entropic Properties},
  author = {Coles, Patrick J. and Colbeck, Roger and Yu, Li and Zwolak, Michael},
  journal = {Phys. Rev. Lett.},
  volume = {108},
  issue = {21},
  pages = {210405},
  numpages = {5},
  year = {2012},
  month = {May},
  doi = {10.1103/PhysRevLett.108.210405},
  url = {http://link.aps.org/doi/10.1103/PhysRevLett.108.210405},
  publisher = {American Physical Society}
}
@article{Teo2012PRA,
  title = {Incomplete quantum state estimation: A comprehensive study},
  author = {Teo, Yong Siah and Stoklasa, Bohumil and Englert, Berthold-Georg and \ifmmode \check{R}\else \v{R}\fi{}eh\'a\ifmmode \check{c}\else \v{c}\fi{}ek, Jaroslav and Hradil, Zden\ifmmode \check{e}\else \v{e}\fi{}k},
  journal = {Phys. Rev. A},
  volume = {85},
  issue = {4},
  pages = {042317},
  numpages = {9},
  year = {2012},
  month = apr,
  doi = {10.1103/PhysRevA.85.042317},
  publisher = {American Physical Society}
}
@article{Ferrie2012AIPConfProc,
  author = {Ferrie, Christopher and Blume-Kohout, Robin},
  editor = {Philip Goyal and Adom Giffin and Kevin H. Knuth and Edward Vrscay},
  collaboration = {},
  title = {Estimating the bias of a noisy coin},
  publisher = {AIP},
  year = {2012},
  journal = {AIP Conference Proceedings},
  volume = {1443},
  number = {1},
  pages = {14--21},
  doi = {10.1063/1.3703615}
}
@article{Lvovsky2004JOptB,
  author={Lvovsky, A I},
  title={Iterative maximum-likelihood reconstruction in quantum homodyne tomography},
  journal={Journal of Optics B: Quantum and Semiclassical Optics},
  volume={6},
  number={6},
  pages={S556},
  doi={10.1088/1464-4266/6/6/014},
  year={2004},
}
@article{1367-2630-10-4-043022,
  author={\ifmmode \check{R}\else \v{R}\fi{}eh\'a\ifmmode \check{c}\else \v{c}\fi{}ek, J. and Mogilevtsev, D. and Hradil, Z.},
  title={Tomography for quantum diagnostics},
  journal={New Journal of Physics},
  volume={10},
  number={4},
  pages={043022},
  year={2008},
  doi={10.1088/1367-2630/10/4/043022},
  abstract={The quantification of relevant statistical errors is an indispensable but often neglected part of any tomographic scheme used for quantum diagnostic purposes. We introduce a novel resolution measure, which provides 'error bars' for any inferred quantity of interest. This is illustrated with an example of the diagnostics of non-classical states based on the value of the reconstructed Wigner function at the origin of the phase space. We show that such diagnostics is meaningful only when a lot of prior information on the measured quantum state is available. Our resolution measure also provides an effective tool for optimization and resolution tuning of tomography schemes.}
}

... INSERT HERE ...





























................................
... ARTICLES FROM THE ARXIV ....
................................

@ARTICLE{delRio2010arXiv1009.1630D,
  author = {{del Rio}, {L\'\i{}dia} and {\AA{}berg}, Johan and {Renner}, Renato and {Dahlsten}, Oscar and 
    {Vedral}, Vlatko},
  title = "{The thermodynamic meaning of negative entropy}",
  journal = {ArXiv e-prints},
  archivePrefix = "arXiv",
  eprint = {1009.1630},
  primaryClass = "quant-ph",
  keywords = {Quantum Physics},
  year = 2010,
  month = sep,
  adsurl = {http://adsabs.harvard.edu/abs/2010arXiv1009.1630D},
  adsnote = {Provided by the SAO/NASA Astrophysics Data System}
}
@ARTICLE{Dahlsten2009arXiv0908.0424D,
  author = {{Dahlsten}, Oscar~C.~O. and {Renner}, Renato and {Rieper}, Elisabeth and {Vedral}, Vlatko},
  title = {The work value of information},
  journal = {ArXiv e-prints},
  archivePrefix = "arXiv",
  eprint = {0908.0424},
  primaryClass = "quant-ph",
  keywords = {Quantum Physics},
  year = 2009,
  month = aug,
  adsurl = {http://adsabs.harvard.edu/abs/2009arXiv0908.0424D},
  adsnote = {Provided by the SAO/NASA Astrophysics Data System}
}
@ARTICLE{Dupuis2010arXiv1012.6044D,
  author = {{Dupuis}, Fr\'ed\'eric and {Berta}, Mario and {Wullschleger}, J\"urg and {Renner}, Renato},
  title = {The Decoupling Theorem},
  journal = {ArXiv e-prints},
  archivePrefix = "arXiv",
  eprint = {1012.6044},
  primaryClass = "quant-ph",
  keywords = {Quantum Physics},
  year = 2010,
  month = dec,
  adsurl = {http://adsabs.harvard.edu/abs/2010arXiv1012.6044D},
  adsnote = {Provided by the SAO/NASA Astrophysics Data System}
}
@ARTICLE{Schmied2011arXiv1101.4131S,
  author = {{Schmied}, Roman and {Treutlein}, Philipp},
  title = "{Tomographic reconstruction of the Wigner function on the Bloch sphere}",
  journal = {ArXiv e-prints},
  archivePrefix = "arXiv",
  eprint = {1101.4131},
  primaryClass = "quant-ph",
  keywords = {Quantum Physics},
  year = 2011,
  month = jan,
  adsurl = {http://adsabs.harvard.edu/abs/2011arXiv1101.4131S},
  adsnote = {Provided by the SAO/NASA Astrophysics Data System}
}
@ARTICLE{Eichler2010arXiv1011.6668E,
   author = {{Eichler}, C. and {Bozyigit}, D. and {Lang}, C. and {Steffen}, L. and 
	{Fink}, J. and {Wallraff}, A.},
    title = "{Experimental Tomographic State Reconstruction of Itinerant Microwave Photons}",
  journal = {ArXiv e-prints},
archivePrefix = "arXiv",
   eprint = {1011.6668},
 primaryClass = "quant-ph",
 keywords = {Quantum Physics, Condensed Matter - Mesoscale and Nanoscale Physics, Condensed Matter - Superconductivity},
     year = 2010,
    month = nov,
   adsurl = {http://adsabs.harvard.edu/abs/2010arXiv1011.6668E},
  adsnote = {Provided by the SAO/NASA Astrophysics Data System}
}
@ARTICLE{Berta2009arXiv0912.3805B,
   author = {{Berta}, Mario and {Christandl}, Matthias and {Renner}, Renato},
    title = {The Quantum Reverse Shannon Theorem based on One-Shot Information Theory},
  journal = {ArXiv e-prints},
archivePrefix = "arXiv",
   eprint = {0912.3805},
primaryClass = "quant-ph",
 keywords = {Quantum Physics},
     year = 2009,
    month = dec,
   adsurl = {http://adsabs.harvard.edu/abs/2009arXiv0912.3805B},
  adsnote = {Provided by the SAO/NASA Astrophysics Data System}
}
@ARTICLE{Berta2009arXiv0912.4495B,
   author = {{Berta}, Mario},
    title = {Single-shot Quantum State Merging},
  journal = {ArXiv e-prints},
archivePrefix = "arXiv",
   eprint = {0912.4495},
 primaryClass = "quant-ph",
 keywords = {Quantum Physics},
     year = 2009,
    month = dec,
   adsurl = {http://adsabs.harvard.edu/abs/2009arXiv0912.4495B},
  adsnote = {Provided by the SAO/NASA Astrophysics Data System}
}
@ARTICLE{Christandl2011arXiv1108.5329C,
   author = {{Christandl}, Matthias and {Renner}, Renato},
    title = {Reliable Quantum State Tomography},
  journal = {ArXiv e-prints},
archivePrefix = "arXiv",
   eprint = {1108.5329},
 primaryClass = "quant-ph",
 keywords = {Quantum Physics, Mathematical Physics},
     year = 2011,
    month = aug,
   adsurl = {http://adsabs.harvard.edu/abs/2011arXiv1108.5329C},
  adsnote = {Provided by the SAO/NASA Astrophysics Data System}
}
@ARTICLE{Horodecki2011arxiv_ThermoMaj,
   author = {{Horodecki}, M. and {Oppenheim}, J.},
    title = "{Fundamental limitations for quantum and nano thermodynamics}",
  journal = {ArXiv e-prints},
archivePrefix = "arXiv",
   eprint = {1111.3834},
 primaryClass = "quant-ph",
 keywords = {Quantum Physics, Condensed Matter - Mesoscale and Nanoscale Physics, Condensed Matter - Statistical Mechanics},
     year = 2011,
    month = nov,
   adsurl = {http://adsabs.harvard.edu/abs/2011arXiv1111.3834H},
  adsnote = {Provided by the SAO/NASA Astrophysics Data System}
}
@article{BlumeKohout2012arXiv_Tomo,
   author = {{Blume-Kohout}, Robin},
    title = "{Robust error bars for quantum tomography}",
  journal = {ArXiv e-prints},
archivePrefix = "arXiv",
   eprint = {1202.5270},
 primaryClass = "quant-ph",
 keywords = {Quantum Physics},
     year = 2012,
    month = feb,
   adsurl = {http://adsabs.harvard.edu/abs/2012arXiv1202.5270B},
  adsnote = {Provided by the SAO/NASA Astrophysics Data System}
}
@ARTICLE{Aaberg2011arXiv,
   author = {{{\AA}berg}, J.},
    title = "{Truly work-like work extraction}",
  journal = {ArXiv e-prints},
archivePrefix = "arXiv",
   eprint = {1110.6121},
 primaryClass = "quant-ph",
 keywords = {Quantum Physics, Condensed Matter - Statistical Mechanics},
     year = 2011,
    month = oct,
   adsurl = {http://adsabs.harvard.edu/abs/2011arXiv1110.6121A},
  adsnote = {Provided by the SAO/NASA Astrophysics Data System}
}
@ARTICLE{Egloff2012arXiv,
   author = {{Egloff}, D. and {Dahlsten}, O.~C.~O. and {Renner}, R. and {Vedral}, V.},
    title = "{Laws of thermodynamics beyond the von Neumann regime}",
  journal = {ArXiv e-prints},
archivePrefix = "arXiv",
   eprint = {1207.0434},
 primaryClass = "quant-ph",
 keywords = {Quantum Physics, Condensed Matter - Statistical Mechanics},
     year = 2012,
    month = jul,
   adsurl = {http://adsabs.harvard.edu/abs/2012arXiv1207.0434E},
  adsnote = {Provided by the SAO/NASA Astrophysics Data System}
}















................................
... BOOKS ......................
................................

@BOOK{BookHornJohnsonMatrixAnalysis1985,
  author = {{Horn}, Roger A. and {Johnson}, Charles R.},
  publisher = {Cambridge University Press},
  title = {Matrix Analysis},
  year = 1985,
  address = "New York"
}
@BOOK{BookFeynmanLecturesOnComputation1996,
  author = {{Feynman}, Richard P.},
  publisher = {Westview Press},
  title = {Lectures On Computation},
  year = 1996
}
@BOOK{BookBhatiaMatrixAnalysis1997,
  author = {{Bhatia}, Rajendra},
  publisher = {Springer-Verlag},
  year = 1997,
  title = {Matrix Analysis},
  address = {New York}
}
@BOOK{NielsenChuangQComputationAndQInformation2000,
  author = {{Nielsen}, Michael A.  and {Chuang}, Isaac L.},
  publisher = {Cambridge University Press},
  title = {Quantum Computation and Quantum Information},
  year = 2000,
  address = {New York}
}
@BOOK{GerryKnightIntroductoryQuantumOptics2008,
  author = {{Gerry}, Christopher C.  and  {Knight}, Peter L.},
  publisher = {Cambridge University Press},
  title = {Introductory Quantum Optics},
  year = 2008,
  address = {Cambridge, UK},
  isbn = {978-0-521-52735-4}
}
@BOOK{MandelWolfOpticalCoherenceAndQuantumOptics2008,
  author = {{Mandel}, Leonard  and  {Wolf}, Emil},
  publisher = {Cambridge University Press},
  title = {Optical Coherence and Quantum Optics},
  year = 2008,
  address = {Cambridge, UK},
  isbn = {978-0521-41711-2}
}
@BOOK{HardyLittlewoodPolyaInequalities1952,
  title = {Inequalities},
  author = {Hardy, G. H. and Littlewood, J. E. and P{\'o}lya, G.},
  isbn = {9780521358804},
  lccn = {52010789},
  series = {Cambridge Mathematical Library},
  ....url = {http://books.google.ch/books?id=t1RCSP8YKt8C},
  year = {1952},
  publisher = {Cambridge University Press}
}



@incollection{Paris_QuantumStateEstimation_Intro,
   author = {{Paris}, Matteo and {\v{R}eh\'a\v{c}ek}, Jaroslav},
   affiliation = {Dipartimento di Fisica dell'Universit\`a di Milano Italy},
   title = {Introduction},
   booktitle = {Quantum State Estimation},
   series = {Lecture Notes in Physics},
   editor = {Paris, Matteo and {Reh\'acek}, Jaroslav},
   publisher = {Springer Berlin / Heidelberg},
   isbn = {},
   pages = {173-185},
   volume = 649,
   doi = {10.1007/978-3-540-44481-7_1},
   year = 2004
}
@incollection{Paris_QuantumStateEstimation_DAriano_QTomoMethods,
   author = {{D'Ariano}, Giacomo and {Paris}, Matteo and {Sacchi}, Massimiliano},
   affiliation = {Unit\`a INFM and Dipartimento di Fisica ``A. Volta'', Universit\`a di Pavia, Italia},
   title = {2 Quantum Tomographic Methods},
   booktitle = {Quantum State Estimation},
   series = {Lecture Notes in Physics},
   editor = {Paris, Matteo and {Reh\'acek}, Jaroslav},
   publisher = {Springer Berlin / Heidelberg},
   isbn = {},
   pages = {189-204},
   volume = 649,
   doi = {10.1007/978-3-540-44481-7_2},
   year = 2004
}
@incollection{Paris_QuantumStateEstimation_Hradil_MaximumLikelyhood,
   author = {{Hradil}, Zden\v{e}k and {\v{R}eh\'a\v{c}ek}, Jaroslav and {Fiur\'a\v{s}ek}, Jarom\'\i{}r and
            {Je\v{z}ek}, Miroslav},
   affiliation = {Department of Optics, Palacky University, Olomouc Czech Republic Czech Republic},
   title = {3 Maximum-Likelihood Methods in Quantum Mechanics},
   booktitle = {Quantum State Estimation},
   series = {Lecture Notes in Physics},
   editor = {Paris, Matteo and {Reh\'acek}, Jaroslav},
   publisher = {Springer Berlin / Heidelberg},
   isbn = {},
   pages = {163-172},
   volume = 649,
   doi = {10.1007/978-3-540-44481-7_3},
   year = 2004
}
@incollection{Paris_QuantumStateEstimation_Altepeter_QubitQStateTomo,
   author = {Altepeter, Joseph and James, Daniel and Kwiat, Paul},
   affiliation = {Dept. of Physics, University of Illinois at Urbana-Champaign, Urbana IL 61801},
   title = {4 Qubit Quantum State Tomography},
   booktitle = {Quantum State Estimation},
   series = {Lecture Notes in Physics},
   editor = {Paris, Matteo and {Reh\'acek}, Jaroslav},
   publisher = {Springer Berlin / Heidelberg},
   isbn = {},
   pages = {27-45},
   volume = 649,
   doi = {10.1007/978-3-540-44481-7_4},
   year = 2004
}








................................
... PH.D. THESES ...............
................................

@PHDTHESIS{PhDDupuis2009Decoupling,
  author = {{Dupuis}, Fr\'ed\'eric},
  title = {The decoupling approach to quantum information theory},
  school = {Universit\'e de Montr\'eal},
  year = 2009,
  month = nov,
  archivePrefix = "arXiv",
  eprint = {1004.1641},
  primaryClass = "quant-ph"
}
@PHDTHESIS{PhdRenner2005SQKD,
  author = {{Renner}, Renato},
  title = {Security of Quantum Key Distribution},
  school = {ETH Z\"urich},
  year = 2005,
  month = sep,
  archivePrevix = "arXiv",
  eprint = {quant-ph/0512258v2},
  primaryClass = "quant-ph"
}




