

some header data that will not be overwritten.



%%%-BIBFILTER-BEGIN-%%%
% src: input.bib
% src: /home/pfaist/ETH/PhD/projects/thermo/git-assembla/thermo-majorization/refthermo.bib
% src: add additional sources here; inexisting files are ignored.
%
% filter: arxiv
%
%%%-BIBFILTER-END-%%%




@article{Landauer1961_5392446Erasure,
    author = "Landauer, Rolf",
    doi = "10.1147/rd.53.0183",
    title = "Irreversibility and Heat Generation in the Computing Process",
    journal = "IBM Journal of Research and Development",
    issn = "0018-8646",
    number = "3",
    month = "July",
    volume = "5",
    year = "1961",
    keywords = "",
    pages = "183--191"
}

@article{Shannon1948BSTJ,
    author = "Shannon, Claude E.",
    title = "A Mathematical Theory of Communication",
    url = "http://cm.bell-labs.com/cm/ms/what/shannonday/paper.html",
    journal = "The Bell System Technical Journal",
    month = "July",
    volume = "27",
    year = "1948",
    pages = "379--423"
}

@article{Tomamichel2010IEEE5550419,
    author = "Tomamichel, Marco and Colbeck, Roger and Renner, Renato",
    doi = "10.1109/TIT.2010.2054130",
    title = "Duality Between Smooth Min- and Max-Entropies",
    journal = "Information Theory, IEEE Transactions on",
    issn = "0018-9448",
    number = "9",
    month = "September",
    volume = "56",
    eprint = "0907.5238",
    primaryclass = "quant-ph",
    year = "2010",
    archiveprefix = "arXiv",
    pages = "4674--4681"
}

@article{Oppenheim2002PhysRevLett.89.180402,
    author = "Oppenheim, Jonathan and Horodecki, Micha\l{} and Horodecki, Pawe\l{} and Horodecki, Ryszard",
    numpages = "4",
    publisher = "American Physical Society",
    doi = "10.1103/PhysRevLett.89.180402",
    title = "Thermodynamical Approach to Quantifying Quantum Correlations",
    journal = "Phys. Rev. Lett.",
    number = "18",
    month = "October",
    volume = "89",
    year = "2002",
    pages = "180402"
}

@article{Alicki2004OpenSystInfoDyn,
    author = "{Alicki}, Robert and {Horodecki}, Micha\l{} and {Horodecki}, Pawe\l{} and {Horodecki}, Ryszard",
    publisher = "Springer Netherlands",
    doi = "10.1023/B:OPSY.0000047566.72717.71",
    keyword = "Computer Science",
    title = "Thermodynamics of Quantum Information Systems --- Hamiltonian Description",
    journal = "Open Systems \& Information Dynamics",
    issn = "1230-1612",
    number = "3",
    volume = "11",
    year = "2004",
    pages = "205--217"
}

@article{Szilard1929ZeitschriftFuerPhysik,
    author = "{Szilard}, Leo",
    publisher = "Springer Berlin / Heidelberg",
    doi = "10.1007/BF01341281",
    keyword = "Physics and Astronomy",
    title = {{\"Uber} die Entropieverminderung in einem thermodynamischen System bei Eingriffen intelligenter Wesen},
    journal = {Zeitschrift f\"ur Physik A Hadrons and Nuclei},
    issn = "0939-7922",
    number = "11",
    volume = "53",
    affiliation = "Berlin",
    year = "1929",
    pages = "840--856"
}

@article{Keyes1970IBMJRD_5391667,
    author = "{Keyes}, Robert W. and {Landauer}, Rolf",
    doi = "10.1147/rd.142.0152",
    title = "Minimal Energy Dissipation in Logic",
    journal = "IBM Journal of Research and Development",
    issn = "0018-8646",
    number = "2",
    month = "March",
    volume = "14",
    year = "1970",
    keywords = "",
    pages = "152--157"
}

@article{Bennett2003501,
    author = "{Bennett}, Charles H.",
    note = "Quantum Information and Computation",
    doi = "10.1016/S1355-2198(03)00039-X",
    title = "{Notes on Landauer's principle, reversible computation, and Maxwell's Demon}",
    journal = "Studies In History and Philosophy of Science Part B: Studies In History and Philosophy of Modern Physics",
    issn = "1355-2198",
    number = "3",
    volume = "34",
    year = "2003",
    pages = "501--510"
}

@article{Bennett1982IJTP_ThermodynOfComp,
    author = "Bennett, Charles H.",
    publisher = "Springer Netherlands",
    doi = "10.1007/BF02084158",
    keyword = "Physics and Astronomy",
    title = "The thermodynamics of computation---a review",
    journal = "International Journal of Theoretical Physics",
    issn = "0020-7748",
    number = "12",
    volume = "21",
    affiliation = "IBM Watson Research Center 10598 Yorktown Heights New York",
    year = "1982",
    pages = "905--940"
}

@inproceedings{Renner20041365269SmoothRenyiEntropy,
    author = "Renner, Renato and Wolf, Stephan",
    doi = "10.1109/ISIT.2004.1365269",
    title = "Smooth Renyi entropy and applications",
    booktitle = "Information Theory, 2004. ISIT 2004. Proceedings. International Symposium on",
    issn = "",
    number = "",
    month = "June",
    volume = "",
    year = "2004",
    pages = "233"
}

@article{Tomamichel2009_5319753_FullyQuantAEP,
    author = "Tomamichel, Marco and Colbeck, Roger and Renner, Renato",
    doi = "10.1109/TIT.2009.2032797",
    title = "A Fully Quantum Asymptotic Equipartition Property",
    journal = "Information Theory, IEEE Transactions on",
    issn = "0018-9448",
    number = "12",
    month = "December",
    volume = "55",
    year = "2009",
    pages = "5840--5847"
}

@article{Koenig2009_OpMeaningMinMaxEntr,
    author = {{K\"onig}, Robert and {Renner}, Renato and Schaffner, Christian},
    doi = "10.1109/TIT.2009.2025545",
    title = "The Operational Meaning of Min- and Max-Entropy",
    journal = "Information Theory, IEEE Transactions on",
    issn = "0018-9448",
    number = "9",
    month = "September",
    volume = "55",
    year = "2009",
    pages = "4337--4347"
}

@inproceedings{Renyi1960_MeasOfEntrAndInf,
    author = "{R\'enyi}, Alfr\'ed",
    title = "On Measures of Entropy and Information",
    url = "http://projecteuclid.org/euclid.bsmsp/1200512181",
    booktitle = "Proceedings of the Fourth Berkeley Symposium on Mathematical Statistics and Probability",
    issn = "",
    number = "",
    month = "June",
    volume = "Volume 1: Contributions to the Theory of Statistics",
    year = "1960",
    pages = "547--561"
}

@article{Abeyesinghe2009_MotherProtocols,
    author = "{Abeyesinghe}, Anura and {Devetak}, Igor and {Hayden}, Patrick and {Winter}, Andreas",
    doi = "10.1098/rspa.2009.0202",
    title = "The mother of all protocols: restructuring quantum information's family tree",
    journal = "Proceedings of the Royal Society A: Mathematical, Physical and Engineering Science",
    number = "2108",
    volume = "465",
    eprint = "quant-ph/0606225",
    year = "2009",
    archiveprefix = "arXiv",
    pages = "2537--2563"
}

@article{Horodecki2007_QStMrgAndNegInf,
    author = "Horodecki, Micha\l{} and Oppenheim, Jonathan and Winter, Andreas",
    publisher = "Springer Berlin / Heidelberg",
    doi = "10.1007/s00220-006-0118-x",
    title = "Quantum State Merging and Negative Information",
    journal = "Communications in Mathematical Physics",
    issn = "0010-3616",
    number = "1",
    volume = "269",
    year = "2007",
    pages = "107--136"
}

@article{Horodecki2005_PartialQuantInf,
    author = "{Horodecki}, Micha\l{} and {Oppenheim}, Jonathan and {Winter}, Andreas",
    publisher = "Nature Publishing Group",
    doi = "10.1038/nature03909",
    title = "Partial quantum information",
    journal = "Nature",
    issn = "0028-0836",
    number = "",
    month = "August",
    volume = "436",
    year = "2005",
    pages = "673--676"
}

@article{Linden2009PhysRevE_QMEvolThEq,
    author = "Linden, Noah and Popescu, Sandu and Short, Anthony J. and Winter, Andreas",
    numpages = "12",
    publisher = "American Physical Society",
    doi = "10.1103/PhysRevE.79.061103",
    title = "Quantum mechanical evolution towards thermal equilibrium",
    journal = "Phys. Rev. E",
    number = "6",
    month = "June",
    volume = "79",
    year = "2009",
    pages = "061103"
}

@article{Uhlmann1985_TrProbStatesStAlg,
    author = "Uhlmann, Armin",
    publisher = "WILEY-VCH Verlag",
    doi = "10.1002/andp.19854970419",
    title = "The Transition Probability for States of *-Algebras",
    journal = "Annalen der Physik",
    issn = "1521-3889",
    number = "4--6",
    volume = "497",
    year = "1985",
    pages = "524--532"
}

@article{Earman1998_ExorcistXIVp1,
    author = "{Earman}, John and {Norton}, John D.",
    doi = "10.1016/S1355-2198(98)00023-9",
    title = "{Exorcist} {XIV}: {The} Wrath of {Maxwell}'s Demon. {Part} {I}. {From} {Maxwell} to {Szilard}",
    journal = "Studies In History and Philosophy of Science Part B: Studies In History and Philosophy of Modern Physics",
    issn = "1355-2198",
    number = "4",
    volume = "29",
    year = "1998",
    pages = "435--471"
}

@article{Earman1999_ExorcistXIVp2,
    author = "{Earman}, John and {Norton}, John D.",
    doi = "10.1016/S1355-2198(98)00026-4",
    title = "{Exorcist} {XIV}: {The} Wrath of {Maxwell}'s Demon. {Part} {II}. {From} {Szilard} to {Landauer} and Beyond",
    journal = "Studies In History and Philosophy of Science Part B: Studies In History and Philosophy of Modern Physics",
    issn = "1355-2198",
    number = "1",
    volume = "30",
    year = "1999",
    pages = "1--40"
}

@article{Bennett1973IBMJRD_LogRevComp,
    author = "{Bennett}, Charles H.",
    doi = "10.1147/rd.176.0525",
    title = "Logical Reversibility of Computation",
    journal = "IBM Journal of Research and Development",
    issn = "0018-8646",
    number = "6",
    month = "November",
    volume = "17",
    year = "1973",
    pages = "525--532"
}

@article{Bennett1988IBMJRD_NotesHistRevComp,
    author = "{Bennett}, Charles H.",
    doi = "10.1147/rd.321.0016",
    title = "Notes on the history of reversible computation",
    journal = "IBM Journal of Research and Development",
    issn = "0018-8646",
    number = "1",
    month = "January",
    volume = "32",
    year = "1988",
    pages = "16--23"
}

@article{Einstein1935_EPR,
    author = "{Einstein}, Albert and {Podolsky}, Boris and {Rosen}, Nathan",
    numpages = "3",
    publisher = "American Physical Society",
    doi = "10.1103/PhysRev.47.777",
    title = "Can Quantum-Mechanical Description of Physical Reality Be Considered Complete?",
    journal = "Phys. Rev.",
    number = "10",
    month = "May",
    volume = "47",
    year = "1935",
    pages = "777--780"
}

@article{Bennett1993PRL_Teleportation,
    author = "{Bennett}, Charles H. and {Brassard}, Gilles and {Cr\'epeau}, Claude and {Jozsa}, Richard and {Peres}, Asher and {Wootters}, William K.",
    numpages = "4",
    publisher = "American Physical Society",
    doi = "10.1103/PhysRevLett.70.1895",
    title = "Teleporting an unknown quantum state via dual classical and Einstein-Podolsky-Rosen channels",
    journal = "Phys. Rev. Lett.",
    number = "13",
    month = "March",
    volume = "70",
    year = "1993",
    pages = "1895--1899"
}

@article{Horodecki2003PRA_NoisyOps,
    author = "Horodecki, Micha\l{} and Horodecki, Pawe\l{} and Oppenheim, Jonathan",
    numpages = "9",
    publisher = "American Physical Society",
    doi = "10.1103/PhysRevA.67.062104",
    title = "Reversible transformations from pure to mixed states and the unique measure of information",
    journal = "Phys. Rev. A",
    number = "6",
    month = "June",
    volume = "67",
    year = "2003",
    pages = "062104"
}

@article{Bennett2011_PostulatesGenuineMultipartCorr,
    author = "Bennett, Charles H. and Grudka, Andrzej and Horodecki, Micha\l{} and Horodecki, Pawe\l{} and Horodecki, Ryszard",
    numpages = "8",
    publisher = "American Physical Society",
    doi = "10.1103/PhysRevA.83.012312",
    title = "Postulates for measures of genuine multipartite correlations",
    journal = "Phys. Rev. A",
    number = "1",
    month = "January",
    volume = "83",
    year = "2011",
    pages = "012312"
}

@article{Maruyama2009RMP_ColloquiumPhysMaxDemAndInf,
    author = "{Maruyama}, Koji and {Nori}, Franco and {Vedral}, Vlatko",
    numpages = "22",
    publisher = "American Physical Society",
    doi = "10.1103/RevModPhys.81.1",
    title = "Colloquium: The physics of Maxwell's demon and information",
    journal = "Rev. Mod. Phys.",
    number = "1",
    month = "January",
    volume = "81",
    year = "2009",
    pages = "1--23"
}

@article{Cahill1969_DensOpAndQuasiProbDist,
    author = "{Cahill}, K. E. and {Glauber}, R. J.",
    numpages = "20",
    publisher = "American Physical Society",
    doi = "10.1103/PhysRev.177.1882",
    title = "Density Operators and Quasiprobability Distributions",
    journal = "Phys. Rev.",
    number = "5",
    month = "January",
    volume = "177",
    year = "1969",
    pages = "1882--1902"
}

@article{DAriano1994_PhysRevA50,
    author = "{D'Ariano}, G. M. and {Macchiavello}, C. and {Paris}, M. G. A.",
    numpages = "4",
    publisher = "American Physical Society",
    doi = "10.1103/PhysRevA.50.4298",
    title = "Detection of the density matrix through optical homodyne tomography without filtered back projection",
    journal = "Phys. Rev. A",
    number = "5",
    month = "November",
    volume = "50",
    year = "1994",
    pages = "4298--4302"
}

@article{DAriano1995_PhysRevA52,
    author = "{D'Ariano}, G. M. and {Leonhardt}, U. and {Paul}, H.",
    numpages = "3",
    publisher = "American Physical Society",
    doi = "10.1103/PhysRevA.52.R1801",
    title = "Homodyne detection of the density matrix of the radiation field",
    journal = "Phys. Rev. A",
    number = "3",
    month = "September",
    volume = "52",
    year = "1995",
    pages = "R1801--R1804"
}

@article{Smithey1993_PhysRevLett70,
    author = "{Smithey}, D. T. and {Beck}, M. and {Raymer}, M. G. and {Faridani}, A.",
    numpages = "3",
    publisher = "American Physical Society",
    doi = "10.1103/PhysRevLett.70.1244",
    title = "Measurement of the Wigner distribution and the density matrix of a light mode using optical homodyne tomography: Application to squeezed states and the vacuum",
    journal = "Phys. Rev. Lett.",
    number = "9",
    month = "March",
    volume = "70",
    year = "1993",
    pages = "1244--1247"
}

@article{Wigner1932_PhysRev40,
    author = "{Wigner}, E.",
    numpages = "10",
    publisher = "American Physical Society",
    doi = "10.1103/PhysRev.40.749",
    title = "On the Quantum Correction For Thermodynamic Equilibrium",
    journal = "Phys. Rev.",
    number = "5",
    month = "June",
    volume = "40",
    year = "1932",
    pages = "749--759"
}

@article{Fano1957_RevModPhys29,
    author = "Fano, U.",
    numpages = "19",
    publisher = "American Physical Society",
    doi = "10.1103/RevModPhys.29.74",
    title = "Description of States in Quantum Mechanics by Density Matrix and Operator Techniques",
    journal = "Rev. Mod. Phys.",
    number = "1",
    month = "January",
    volume = "29",
    year = "1957",
    pages = "74--93"
}

@article{Agarwal1981_PhysRevA24,
    author = "Agarwal, G. S.",
    numpages = "7",
    publisher = "American Physical Society",
    doi = "10.1103/PhysRevA.24.2889",
    title = "Relation between atomic coherent-state representation, state multipoles, and generalized phase-space distributions",
    journal = "Phys. Rev. A",
    number = "6",
    month = "December",
    volume = "24",
    year = "1981",
    pages = "2889--2896"
}

@article{Dowling1994_PhysRevA49,
    author = "Dowling, Jonathan P. and Agarwal, G. S. and Schleich, Wolfgang P.",
    numpages = "8",
    publisher = "American Physical Society",
    doi = "10.1103/PhysRevA.49.4101",
    title = "Wigner distribution of a general angular-momentum state: Applications to a collection of two-level atoms",
    journal = "Phys. Rev. A",
    number = "5",
    month = "May",
    volume = "49",
    year = "1994",
    pages = "4101--4109"
}

@article{Cohen1986_JointWignerDistr,
    author = "{Cohen}, Leon and {Scully}, Marlan",
    publisher = "Springer Netherlands",
    doi = "10.1007/BF01882690",
    keyword = "Physics and Astronomy",
    title = "Joint Wigner distribution for spin-1/2 particles",
    journal = "Foundations of Physics",
    issn = "0015-9018",
    number = "4",
    volume = "16",
    affiliation = "University of New Mexico Certer for Advanced Studies, 87131 Albuquerque New Mexico",
    year = "1986",
    pages = "295--310"
}

@article{Bertrand1987_FoundPhys,
    author = "Bertrand, J. and Bertrand, P.",
    publisher = "Springer Netherlands",
    doi = "10.1007/BF00733376",
    keyword = "Physics and Astronomy",
    title = "A tomographic approach to Wigner's function",
    journal = "Foundations of Physics",
    issn = "0015-9018",
    number = "4",
    volume = "17",
    affiliation = "Universit\'e Paris VII, L.P.T.M. Tour 33-43, 2, Place Jussieu 75251 Paris Cedex 05 France",
    year = "1987",
    pages = "397--405"
}

@article{Bianchetti2010_PhysRevLett105,
    author = "Bianchetti, R. and Filipp, S. and Baur, M. and Fink, J. M. and Lang, C. and Steffen, L. and Boissonneault, M. and Blais, A. and Wallraff, A.",
    numpages = "4",
    publisher = "American Physical Society",
    doi = "10.1103/PhysRevLett.105.223601",
    title = "Control and Tomography of a Three Level Superconducting Artificial Atom",
    journal = "Phys. Rev. Lett.",
    number = "22",
    month = "November",
    volume = "105",
    year = "2010",
    pages = "223601"
}

@article{Thew2002_PhysRevA66,
    author = "Thew, R. T. and Nemoto, K. and White, A. G. and Munro, W. J.",
    numpages = "6",
    publisher = "American Physical Society",
    doi = "10.1103/PhysRevA.66.012303",
    title = "Qudit quantum-state tomography",
    journal = "Phys. Rev. A",
    number = "1",
    month = "July",
    volume = "66",
    year = "2002",
    pages = "012303"
}

@article{Caves2002_JMP43,
    author = {{Caves}, Carlton M. and {Fuchs}, Christopher A. and {Schack}, R\"{u}diger},
    publisher = "AIP",
    doi = "10.1063/1.1494475",
    title = "Unknown quantum states: The quantum de Finetti representation",
    collaboration = "",
    number = "9",
    pages = "4537--4559",
    volume = "43",
    year = "2002",
    keywords = "quantum theory; bound states; probability; Hilbert spaces; information theory; eigenvalues and eigenfunctions; Bayes methods",
    journal = "Journal of Mathematical Physics"
}

@article{delRio2011Nature,
    author = "del Rio, L\'\i{}dia and \AA{}berg, Johan and Renner, Renato and Dahlsten, Oscar and Vedral, Vlatko",
    publisher = "Nature Publishing Group",
    doi = "10.1038/nature10123",
    title = "The thermodynamic meaning of negative entropy",
    journal = "Nature",
    number = "7349",
    volume = "474",
    eprint = "1009.1630",
    primaryclass = "quant-ph",
    year = "2011",
    archiveprefix = "arXiv",
    pages = "61--63"
}

@article{SheppLogan1974IEEE,
    author = "{Shepp}, L. A. and {Logan}, B. F.",
    doi = "10.1109/TNS.1974.4327466",
    title = "Reconstructing Interior Head Tissue from X-Ray Transmissions",
    journal = "Nuclear Science, IEEE Transactions on",
    issn = "0018-9499",
    number = "1",
    month = "February",
    volume = "21",
    year = "1974",
    keywords = "",
    pages = "228--236"
}

@article{Cormack1963JAP,
    author = "{Cormack}, A. M.",
    publisher = "AIP",
    doi = "10.1063/1.1729798",
    title = "Representation of a Function by Its Line Integrals, with Some Radiological Applications",
    collaboration = "",
    number = "9",
    pages = "2722--2727",
    volume = "34",
    year = "1963",
    journal = "Journal of Applied Physics"
}

@article{Cormack1964JAP,
    author = "{Cormack}, A. M.",
    publisher = "AIP",
    doi = "10.1063/1.1713127",
    title = "Representation of a Function by Its Line Integrals, with Some Radiological Applications. II",
    collaboration = "",
    number = "10",
    pages = "2908--2913",
    volume = "35",
    year = "1964",
    journal = "Journal of Applied Physics"
}

@article{Renes2004JMP,
    author = "{Renes}, Joseph M. and {Blume-Kohout}, Robin and {Scott}, A. J. and {Caves}, Carlton M.",
    publisher = "AIP",
    doi = "10.1063/1.1737053",
    title = "Symmetric informationally complete quantum measurements",
    collaboration = "",
    number = "6",
    pages = "2171--2180",
    volume = "45",
    year = "2004",
    keywords = "quantum theory; quantum cryptography; group theory",
    journal = "Journal of Mathematical Physics"
}

@article{FlammiaCaves2005FoundPhys,
    author = "{Flammia}, Steven and {Silberfarb}, Andrew and {Caves}, Carlton M.",
    publisher = "Springer Netherlands",
    doi = "10.1007/s10701-005-8658-z",
    keyword = "Physics and Astronomy",
    title = "Minimal Informationally Complete Measurements for Pure States",
    journal = "Foundations of Physics",
    issn = "0015-9018",
    number = "12",
    volume = "35",
    affiliation = "University of New Mexico Department of Physics and Astronomy Albuquerque, New Mexico",
    year = "2005",
    pages = "1985--2006"
}

@article{Caves2007HistPhilModPhys,
    author = {{Caves}, Carlton M. and {Fuchs}, Christopher A. and {Schack}, R\"udiger},
    note = "Probabilities in quantum mechanics",
    doi = "10.1016/j.shpsb.2006.10.007",
    title = "Subjective probability and quantum certainty",
    journal = "Studies In History and Philosophy of Science Part B: Studies In History and Philosophy of Modern Physics",
    issn = "1355-2198",
    number = "2",
    volume = "38",
    year = "2007",
    keywords = "Certainty",
    pages = "255--274"
}

@article{Fuchs2004PhysRevA69,
    author = {{Fuchs}, Christopher A. and {Schack}, R\"udiger and {Scudo}, Petra F.},
    numpages = "6",
    publisher = "American Physical Society",
    doi = "10.1103/PhysRevA.69.062305",
    title = "De Finetti representation theorem for quantum-process tomography",
    journal = "Phys. Rev. A",
    number = "6",
    month = "June",
    volume = "69",
    year = "2004",
    pages = "062305"
}

@article{Caves2002PhysRevA65,
    author = {{Caves}, Carlton M. and {Fuchs}, Christopher A. and {Schack}, R\"udiger},
    numpages = "6",
    publisher = "American Physical Society",
    doi = "10.1103/PhysRevA.65.022305",
    title = "Quantum probabilities as Bayesian probabilities",
    journal = "Phys. Rev. A",
    number = "2",
    month = "January",
    volume = "65",
    year = "2002",
    pages = "022305"
}

@article{Fuchs2011FoundPhys,
    author = {{Fuchs}, Christopher and {Schack}, R\"udiger},
    publisher = "Springer Netherlands",
    doi = "10.1007/s10701-009-9404-8",
    keyword = "Physics and Astronomy",
    title = "A Quantum-Bayesian Route to Quantum-State Space",
    journal = "Foundations of Physics",
    issn = "0015-9018",
    number = "3",
    volume = "41",
    affiliation = "Perimeter Institute for Theoretical Physics, Waterloo, Ontario N2L 2Y5, Canada",
    year = "2011",
    pages = "345--356"
}

@article{Gross2010PRL,
    author = "{Gross}, David and {Liu}, Yi-Kai and {Flammia}, Steven T. and {Becker}, Stephen and {Eisert}, Jens",
    numpages = "4",
    publisher = "American Physical Society",
    doi = "10.1103/PhysRevLett.105.150401",
    title = "Quantum State Tomography via Compressed Sensing",
    journal = "Phys. Rev. Lett.",
    number = "15",
    month = "October",
    volume = "105",
    year = "2010",
    pages = "150401"
}

@article{Vedral1997PRL,
    author = "Vedral, Vlatko and Plenio, Martin B. and Rippin, M. A. and Knight, Peter L.",
    numpages = "4",
    publisher = "American Physical Society",
    doi = "10.1103/PhysRevLett.78.2275",
    title = "Quantifying Entanglement",
    journal = "Phys. Rev. Lett.",
    number = "12",
    month = "March",
    volume = "78",
    year = "1997",
    pages = "2275--2279"
}

@article{Peres1991PRL,
    author = "Peres, Asher and Wootters, William K.",
    numpages = "3",
    publisher = "American Physical Society",
    doi = "10.1103/PhysRevLett.66.1119",
    title = "Optimal detection of quantum information",
    journal = "Phys. Rev. Lett.",
    number = "9",
    month = "March",
    volume = "66",
    year = "1991",
    pages = "1119--1122"
}

@article{Vedral2002RMP,
    author = "{Vedral}, Vlatko",
    numpages = "37",
    publisher = "American Physical Society",
    doi = "10.1103/RevModPhys.74.197",
    title = "The role of relative entropy in quantum information theory",
    journal = "Rev. Mod. Phys.",
    number = "1",
    month = "March",
    volume = "74",
    year = "2002",
    pages = "197--234"
}

@article{Peres1984AJP,
    author = "Peres, Asher",
    publisher = "AAPT",
    doi = "10.1119/1.13586",
    title = "What is a state vector?",
    journal = "Am. J. Phys.",
    issn = "00029505",
    number = "7",
    volume = "52",
    year = "1984",
    keywords = "quantum mechanics; eigenstates; eigenvectors; hilbert space; wave functions; density matrix; s matrix;",
    pages = "644--650",
    coden = "AJPIAS"
}

@article{Hayden2006CommMP,
    author = "{Hayden}, Patrick and {Leung}, Debbie W. and {Winter}, Andreas",
    publisher = "Springer Berlin / Heidelberg",
    doi = "10.1007/s00220-006-1535-6",
    keyword = "Physics and Astronomy",
    title = "Aspects of Generic Entanglement",
    journal = "Communications in Mathematical Physics",
    issn = "0010-3616",
    number = "1",
    volume = "265",
    affiliation = "Institute for Quantum Information Caltech 107-81 Pasadena CA 91125 USA",
    year = "2006",
    pages = "95--117"
}

@article{Jozsa1998PRL81,
    author = "Jozsa, Richard and Horodecki, Micha\l{} and Horodecki, Pawe\l{} and Horodecki, Ryszard",
    numpages = "3",
    publisher = "American Physical Society",
    doi = "10.1103/PhysRevLett.81.1714",
    title = "Universal Quantum Information Compression",
    journal = "Phys. Rev. Lett.",
    number = "8",
    month = "August",
    volume = "81",
    year = "1998",
    pages = "1714--1717"
}

@article{Devetak2008IEEE,
    author = "{Devetak}, Igor and {Harrow}, Aram W. and {Winter}, Andreas J.",
    doi = "10.1109/TIT.2008.928980",
    title = "A Resource Framework for Quantum Shannon Theory",
    journal = "Information Theory, IEEE Transactions on",
    issn = "0018-9448",
    number = "10",
    month = "October",
    volume = "54",
    year = "2008",
    keywords = "asymptotic properties;entanglement distillation;noisy channel coding theorems;quantum Shannon theory;quantum source compression;resource framework;channel coding;data compression;quantum entanglement;",
    pages = "4587--4618"
}

@article{Horodecki1997PRL,
    author = "Horodecki, Micha\l{} and Horodecki, Pawe\l{} and Horodecki, Ryszard",
    numpages = "3",
    publisher = "American Physical Society",
    doi = "10.1103/PhysRevLett.78.574",
    title = "Inseparable Two Spin-$1/2$ Density Matrices Can Be Distilled to a Singlet Form",
    journal = "Phys. Rev. Lett.",
    number = "4",
    month = "January",
    volume = "78",
    year = "1997",
    pages = "574--577"
}

@article{Datta2009IEEE,
    author = "Datta, Nilanjana",
    doi = "10.1109/TIT.2009.2018325",
    title = "Min- and Max-Relative Entropies and a New Entanglement Monotone",
    journal = "Information Theory, IEEE Transactions on",
    issn = "0018-9448",
    number = "6",
    month = "June",
    volume = "55",
    year = "2009",
    keywords = "entanglement monotone;information spectrum;max-relative entropies;min-relative entropies;relative entropy quantities;smooth Renyi entropies;spectral divergence rates;maximum entropy methods;minimum entropy methods;quantum entanglement;",
    pages = "2816--2826"
}

@article{Nielsen1999PRL,
    author = "Nielsen, Michael A.",
    numpages = "3",
    publisher = "American Physical Society",
    doi = "10.1103/PhysRevLett.83.436",
    title = "Conditions for a Class of Entanglement Transformations",
    journal = "Phys. Rev. Lett.",
    number = "2",
    month = "July",
    volume = "83",
    year = "1999",
    pages = "436--439"
}

@article{Vidal2002PRL_Catalysis,
    author = "{Vidal}, Guifre and {Cirac}, J. Ignacio",
    numpages = "4",
    publisher = "American Physical Society",
    doi = "10.1103/PhysRevLett.88.167903",
    title = "Catalysis in Nonlocal Quantum Operations",
    journal = "Phys. Rev. Lett.",
    number = "16",
    month = "April",
    volume = "88",
    year = "2002",
    pages = "167903"
}

@article{Horodecki2005PRA_LvsNL,
    author = "Horodecki, Micha\l{} and Horodecki, Pawe\l{} and Horodecki, Ryszard and Oppenheim, Jonathan and Sen(De), Aditi and Sen, Ujjwal and Synak-Radtke, Barbara",
    numpages = "25",
    publisher = "American Physical Society",
    doi = "10.1103/PhysRevA.71.062307",
    title = "Local versus nonlocal information in quantum-information theory: Formalism and phenomena",
    journal = "Phys. Rev. A",
    number = "6",
    month = "June",
    volume = "71",
    year = "2005",
    pages = "062307"
}

@article{Hradil1997PRA_MLE,
    author = "Hradil, Z.",
    publisher = "American Physical Society",
    doi = "10.1103/PhysRevA.55.R1561",
    title = "Quantum-state estimation",
    journal = "Phys. Rev. A",
    month = "March",
    volume = "55",
    year = "1997",
    issue = "3",
    pages = "R1561--R1564"
}

@article{Rehacek2001PRA,
    author = "{\ifmmode \check{R}\else \v{R}\fi{}eh\'a\ifmmode \check{c}\else \v{c}\fi{}ek}, J. and {Hradil}, Z. and {Je\ifmmode \check{z}\else \v{z}\fi{}ek}, M.",
    numpages = "4",
    publisher = "American Physical Society",
    doi = "10.1103/PhysRevA.63.040303",
    title = "Iterative algorithm for reconstruction of entangled states",
    journal = "Phys. Rev. A",
    number = "4",
    month = "March",
    volume = "63",
    year = "2001",
    pages = "040303"
}

@article{Lee2000PRA,
    author = "Lee, Hai-Woong and Kim, Jaewan",
    numpages = "5",
    publisher = "American Physical Society",
    doi = "10.1103/PhysRevA.63.012305",
    title = "Quantum teleportation and Bell's inequality using single-particle entanglement",
    journal = "Phys. Rev. A",
    number = "1",
    month = "December",
    volume = "63",
    year = "2000",
    pages = "012305"
}

@article{Bekenstein1973PRD_Hologr,
    author = "Bekenstein, Jacob D.",
    publisher = "American Physical Society",
    doi = "10.1103/PhysRevD.7.2333",
    title = "Black Holes and Entropy",
    journal = "Phys. Rev. D",
    number = "8",
    month = "April",
    volume = "7",
    year = "1973",
    pages = "2333--2346"
}

@article{Bousso2002RMP_Hologr,
    author = "Bousso, Raphael",
    publisher = "American Physical Society",
    doi = "10.1103/RevModPhys.74.825",
    title = "The holographic principle",
    journal = "Rev. Mod. Phys.",
    number = "3",
    month = "August",
    volume = "74",
    year = "2002",
    pages = "825--874"
}

@article{BlumeKohout2010PRL_HedgedMLE,
    author = "{Blume-Kohout}, Robin",
    numpages = "4",
    publisher = "American Physical Society",
    doi = "10.1103/PhysRevLett.105.200504",
    title = "Hedged Maximum Likelihood Quantum State Estimation",
    journal = "Phys. Rev. Lett.",
    number = "20",
    month = "November",
    volume = "105",
    year = "2010",
    pages = "200504"
}

@article{Refaghat2010JGLTA_NumOfGZPatt,
    author = "{Refaghat}, H. and {Shahryari}, M.",
    numpages = "8",
    publisher = "Ashdin Publishing",
    doi = "10.4303/jglta/G100201",
    title = "A formula for the number of Gelfand-Zetlin patterns",
    journal = "Journal of Generalized Lie Theory and Applications",
    number = "1",
    month = "October",
    volume = "4",
    year = "2010",
    pages = "G100201"
}

@article{Filipp2009PRL,
    author = {Filipp, S. and Maurer, P. and Leek, P. J. and Baur, M. and Bianchetti, R. and Fink, J. M. and {G\"oppl}, M. and Steffen, L. and Gambetta, J. M. and Blais, A. and Wallraff, A.},
    numpages = "4",
    publisher = "American Physical Society",
    doi = "10.1103/PhysRevLett.102.200402",
    title = "Two-Qubit State Tomography Using a Joint Dispersive Readout",
    journal = "Phys. Rev. Lett.",
    number = "20",
    month = "May",
    volume = "102",
    year = "2009",
    pages = "200402"
}

@article{Duffin52TAMS,
    author = "{Duffin}, R. J. and {Schaeffer}, A. C.",
    publisher = "American Mathematical Society",
    doi = "10.1090/S0002-9947-1952-0047179-6",
    title = "A class of nonharmonic Fourier series",
    journal = "Trans. Amer. Math. Soc",
    issn = "0002-9947",
    number = "2",
    volume = "72",
    year = "1952",
    pages = "3410--366"
}

@article{Dirac1933LagrangianInQM,
    author = "{Dirac}, Paul A. M",
    publisher = "",
    doi = "",
    title = "The Lagrangian in Quantum Mechanics",
    url = "http://ebooks.worldscinet.com/ISBN/9789812567635/9789812567635_0003.html",
    journal = "Physikalische Zeitschrift der Sowjetunion",
    issn = "0369-9811",
    number = "1",
    volume = "3",
    year = "1933",
    pages = "64--72"
}

@article{Feynman1948PathIntegral,
    author = "{Feynman}, Richard P.",
    publisher = "American Physical Society",
    doi = "10.1103/RevModPhys.20.367",
    title = "Space-Time Approach to Non-Relativistic Quantum Mechanics",
    journal = "Rev. Mod. Phys.",
    number = "2",
    month = "April",
    volume = "20",
    year = "1948",
    pages = "367--387"
}

@article{Popescu1994FP,
    author = "{Popescu}, Sandu and {Rohrlich}, Daniel",
    publisher = "Springer Netherlands",
    doi = "10.1007/BF02058098",
    keyword = "Physics and Astronomy",
    title = "Quantum nonlocality as an axiom",
    journal = "Foundations of Physics",
    issn = "0015-9018",
    volume = "24",
    affiliation = "Université Libre de Bruxelles, Campus Plaine Boulevard du Triomphe C.P. 225 B-1050 Bruxelles Belgium Boulevard du Triomphe C.P. 225 B-1050 Bruxelles Belgium",
    year = "1994",
    issue = "3",
    pages = "379--385"
}

@article{Feynman1982IJTP,
    author = "{Feynman}, Richard",
    publisher = "Springer Netherlands",
    doi = "10.1007/BF02650179",
    keyword = "Physics and Astronomy",
    title = "Simulating physics with computers",
    journal = "International Journal of Theoretical Physics",
    issn = "0020-7748",
    volume = "21",
    affiliation = "California Institute of Technology Department of Physics 91107 Pasadena California",
    year = "1982",
    issue = "6",
    pages = "467--488"
}

@article{Nielsen2006SMag,
    author = "Nielsen, Michael A. and Dowling, Mark R. and Gu, Mile and Doherty, Andrew C.",
    doi = "10.1126/science.1121541",
    title = "Quantum Computation as Geometry",
    journal = "Science",
    number = "5764",
    volume = "311",
    eprint = "http://www.sciencemag.org/content/311/5764/1133.full.pdf",
    year = "2006",
    pages = "1133--1135"
}

@article{Ando1994LAA,
    author = "Ando, Tsuyoshi and Hiai, Fumio",
    doi = "10.1016/0024-3795(94)90484-7",
    title = "Log majorization and complementary Golden-Thompson type inequalities",
    journal = "Linear Algebra and its Applications",
    issn = "0024-3795",
    number = "0",
    volume = "197-198",
    year = "1994",
    pages = "113--131"
}

@article{Mehta2008PRL,
    author = "Mehta, Pankaj and Andrei, Natan",
    numpages = "4",
    publisher = "American Physical Society",
    doi = "10.1103/PhysRevLett.100.086804",
    title = "Nonequilibrium Quantum Impurities: From Entropy Production to Information Theory",
    journal = "Phys. Rev. Lett.",
    month = "February",
    volume = "100",
    year = "2008",
    issue = "8",
    pages = "086804"
}

@article{tHooft2007JoP,
    author = "{'t Hooft}, Gerard",
    doi = "10.1088/1742-6596/67/1/012015",
    title = "A mathematical theory for deterministic quantum mechanics",
    url = "http://stacks.iop.org/1742-6596/67/i=1/a=012015",
    journal = "Journal of Physics: Conference Series",
    number = "1",
    volume = "67",
    year = "2007",
    pages = "012015"
}

@article{Hiroshima2003PRL,
    author = "Hiroshima, Tohya",
    numpages = "4",
    publisher = "American Physical Society",
    doi = "10.1103/PhysRevLett.91.057902",
    title = "Majorization Criterion for Distillability of a Bipartite Quantum State",
    journal = "Phys. Rev. Lett.",
    month = "Aug",
    volume = "91",
    year = "2003",
    issue = "5",
    pages = "057902"
}

@article{Sugiyama2011PRA_Errors,
    author = "Sugiyama, Takanori and Turner, Peter S. and Murao, Mio",
    numpages = "12",
    publisher = "American Physical Society",
    doi = "10.1103/PhysRevA.83.012105",
    title = "Error probability analysis in quantum tomography: A tool for evaluating experiments",
    journal = "Phys. Rev. A",
    month = "January",
    volume = "83",
    year = "2011",
    issue = "1",
    pages = "012105"
}

@article{Sugiyama2012PRA_AdaptiveTomo,
    author = "Sugiyama, Takanori and Turner, Peter S. and Murao, Mio",
    numpages = "14",
    publisher = "American Physical Society",
    doi = "10.1103/PhysRevA.85.052107",
    title = "Adaptive experimental design for one-qubit state estimation with finite data based on a statistical update criterion",
    journal = "Phys. Rev. A",
    month = "May",
    volume = "85",
    year = "2012",
    issue = "5",
    pages = "052107"
}

@article{HorodeckiK2005PRL,
    author = "Horodecki, Karol and Horodecki, Micha\l{} and Horodecki, Pawe\l{} and Oppenheim, Jonathan",
    numpages = "4",
    publisher = "American Physical Society",
    doi = "10.1103/PhysRevLett.94.200501",
    title = "Locking Entanglement with a Single Qubit",
    journal = "Phys. Rev. Lett.",
    month = "May",
    volume = "94",
    year = "2005",
    issue = "20",
    pages = "200501"
}

@article{Gour2009PRA,
    author = "Gour, Gilad and Marvian, Iman and Spekkens, Robert W.",
    numpages = "11",
    publisher = "American Physical Society",
    doi = "10.1103/PhysRevA.80.012307",
    title = "Measuring the quality of a quantum reference frame: The relative entropy of frameness",
    journal = "Phys. Rev. A",
    month = "July",
    volume = "80",
    year = "2009",
    issue = "1",
    pages = "012307"
}

@article{Janzing2000IJTP,
    author = "Janzing, D. and Wocjan, P. and Zeier, R. and Geiss, R. and Beth, Th.",
    publisher = "Springer Netherlands",
    doi = "10.1023/A:1026422630734",
    keyword = "Physics and Astronomy",
    title = "Thermodynamic Cost of Reliability and Low Temperatures: Tightening Landauer's Principle and the Second Law",
    journal = "International Journal of Theoretical Physics",
    issn = "0020-7748",
    volume = "39",
    year = "2000",
    issue = "12",
    pages = "2717--2753"
}

@article{Nielsen2001PRL,
    author = "Nielsen, M. A. and Kempe, J.",
    publisher = "American Physical Society",
    doi = "10.1103/PhysRevLett.86.5184",
    title = "Separable States Are More Disordered Globally than Locally",
    journal = "Phys. Rev. Lett.",
    month = "May",
    volume = "86",
    year = "2001",
    issue = "22",
    pages = "5184--5187"
}

@article{Aaberg2003AoP,
    author = "\AA{}berg, Johan",
    doi = "10.1016/j.aop.2004.04.013",
    title = "Subspace preservation, subspace locality, and gluing of completely positive maps",
    journal = "Annals of Physics",
    issn = "0003-4916",
    number = "2",
    volume = "313",
    year = "2004",
    pages = "326--367"
}

@article{Rehacek2007PRA,
    author = "\ifmmode \check{R}\else \v{R}\fi{}eh\'a\ifmmode \check{c}\else \v{c}\fi{}ek, Jaroslav and Hradil, Zden\ifmmode \check{e}\else \v{e}\fi{}k and Knill, E. and Lvovsky, A. I.",
    numpages = "5",
    publisher = "American Physical Society",
    doi = "10.1103/PhysRevA.75.042108",
    title = "Diluted maximum-likelihood algorithm for quantum tomography",
    journal = "Phys. Rev. A",
    month = "April",
    volume = "75",
    year = "2007",
    issue = "4",
    pages = "042108"
}

@article{Dahlsten2011NJP,
    author = "Dahlsten, Oscar C. O. and Renner, Renato and Rieper, Elisabeth and Vedral, Vlatko",
    doi = "10.1088/1367-2630/13/5/053015",
    title = "Inadequacy of von Neumann entropy for characterizing extractable work",
    journal = "New Journal of Physics",
    number = "5",
    volume = "13",
    year = "2011",
    pages = "053015"
}

@article{Ruch1978JCP,
    author = "Ruch, Ernst and Schranner, Rudolf and Seligman, Thomas H.",
    publisher = "AIP",
    doi = "10.1063/1.436364",
    title = "The mixing distance",
    collaboration = "",
    number = "1",
    pages = "386--392",
    volume = "69",
    year = "1978",
    journal = "The Journal of Chemical Physics"
}

@article{Joe1990JMAA,
    author = "Harry, Joe",
    note = "",
    doi = "10.1016/0022-247X(90)90002-W",
    title = "Majorization and divergence",
    journal = "Journal of Mathematical Analysis and Applications",
    issn = "0022-247X",
    number = "2",
    volume = "148",
    year = "1990",
    pages = "287--305"
}

@article{Ruch1980JMAA,
    author = "Ruch, Ernst and Schranner, Rudolf and Seligman, Thomas H.",
    note = "",
    doi = "10.1016/0022-247X(80)90075-X",
    title = "Generalization of a theorem by {Hardy}, {Littlewood}, and {P\'olya}",
    journal = "Journal of Mathematical Analysis and Applications",
    issn = "0022-247X",
    number = "1",
    volume = "76",
    year = "1980",
    pages = "222--229"
}

@article{Everett1957RMP,
    author = "{Everett}, Hugh",
    publisher = "American Physical Society",
    doi = "10.1103/RevModPhys.29.454",
    title = {"Relative State" Formulation of Quantum Mechanics},
    journal = "Rev. Mod. Phys.",
    month = "July",
    volume = "29",
    year = "1957",
    issue = "3",
    pages = "454--462"
}

@article{Feynman1949PR_TheoryOfPositrons,
    author = "Feynman, R. P.",
    publisher = "American Physical Society",
    doi = "10.1103/PhysRev.76.749",
    title = "The Theory of Positrons",
    journal = "Phys. Rev.",
    month = "September",
    volume = "76",
    year = "1949",
    issue = "6",
    pages = "749--759"
}

@article{Fedorov2012Nat,
    author = "{Fedorov}, A. and {Steffen}, L. and {Baur}, M. and {da Silva}, M. P. and {Wallraff}, A.",
    publisher = "Nature Publishing Group",
    doi = "10.1038/nature10713",
    title = "Implementation of a Toffoli gate with superconducting circuits",
    journal = "Nature",
    issn = "0028-0836",
    number = "7380",
    volume = "481",
    mon = "January",
    year = "2012",
    pages = "170--172"
}

@article{Chuang1997JMO,
    author = "Chuang, Isaac L. and Nielsen, M. A.",
    doi = "10.1080/09500349708231894",
    title = "Prescription for experimental determination of the dynamics of a quantum black box",
    journal = "Journal of Modern Optics",
    number = "11-12",
    volume = "44",
    year = "1997",
    pages = "2455--2467"
}

@article{Candes2010ProcIEEE,
    author = "{Cand\`es}, E. J. and {Plan}, Y.",
    doi = "10.1109/JPROC.2009.2035722",
    title = "Matrix Completion With Noise",
    journal = "Proceedings of the IEEE",
    issn = "0018-9219",
    number = "6",
    month = "June",
    volume = "98",
    year = "2010",
    keywords = "compressed sensing;convex optimization problem;data constraints;low rank matrices;matrix completion;nuclear norm minimization;data integrity;matrix algebra;minimisation;noise;signal sampling;",
    pages = "925--936"
}

@article{Teo2011PRA,
    author = "Teo, Yong Siah and Englert, Berthold-Georg and \ifmmode \check{R}\else \v{R}\fi{}eh\'a\ifmmode \check{c}\else \v{c}\fi{}ek, Jaroslav and Hradil, Zden\ifmmode \check{e}\else \v{e}\fi{}k",
    numpages = "9",
    publisher = "American Physical Society",
    doi = "10.1103/PhysRevA.84.062125",
    title = "Adaptive schemes for incomplete quantum process tomography",
    journal = "Phys. Rev. A",
    month = "December",
    volume = "84",
    year = "2011",
    issue = "6",
    pages = "062125"
}

@article{Christandl2009PRL_Postselection,
    author = {Christandl, Matthias and K\"onig, Robert and Renner, Renato},
    numpages = "4",
    publisher = "American Physical Society",
    doi = "10.1103/PhysRevLett.102.020504",
    title = "Postselection Technique for Quantum Channels with Applications to Quantum Cryptography",
    journal = "Phys. Rev. Lett.",
    month = "January",
    volume = "102",
    year = "2009",
    issue = "2",
    pages = "020504"
}

@article{James2001PRA_KwiatQubitTomo,
    author = "James, Daniel F. V. and Kwiat, Paul G. and Munro, William J. and White, Andrew G.",
    numpages = "15",
    publisher = "American Physical Society",
    doi = "10.1103/PhysRevA.64.052312",
    title = "Measurement of qubits",
    journal = "Phys. Rev. A",
    month = "October",
    volume = "64",
    year = "2001",
    issue = "5",
    pages = "052312"
}

@article{Linden2010PRL_SmallFridge,
    author = "Linden, Noah and Popescu, Sandu and Skrzypczyk, Paul",
    numpages = "4",
    publisher = "American Physical Society",
    doi = "10.1103/PhysRevLett.105.130401",
    title = "How Small Can Thermal Machines Be? The Smallest Possible Refrigerator",
    journal = "Phys. Rev. Lett.",
    month = "September",
    volume = "105",
    year = "2010",
    issue = "13",
    pages = "130401"
}

@article{Bianchetti2009PRA,
    author = {Bianchetti, R. and Filipp, S. and Baur, M. and Fink, J. M. and G\"oppl, M. and Leek, P. J. and Steffen, L. and Blais, A. and Wallraff, A.},
    numpages = "7",
    publisher = "American Physical Society",
    doi = "10.1103/PhysRevA.80.043840",
    title = "Dynamics of dispersive single-qubit readout in circuit quantum electrodynamics",
    journal = "Phys. Rev. A",
    month = "October",
    volume = "80",
    year = "2009",
    issue = "4",
    pages = "043840"
}

@article{Riera2012PRL,
    author = "Riera, Arnau and Gogolin, Christian and Eisert, Jens",
    numpages = "5",
    publisher = "American Physical Society",
    doi = "10.1103/PhysRevLett.108.080402",
    title = "Thermalization in Nature and on a Quantum Computer",
    journal = "Phys. Rev. Lett.",
    month = "February",
    volume = "108",
    year = "2012",
    issue = "8",
    pages = "080402"
}

@article{Smolin2012PRL_EfficientMLE,
    author = "Smolin, John A. and Gambetta, Jay M. and Smith, Graeme",
    numpages = "4",
    publisher = "American Physical Society",
    doi = "10.1103/PhysRevLett.108.070502",
    title = "Efficient Method for Computing the Maximum-Likelihood Quantum State from Measurements with Additive Gaussian Noise",
    journal = "Phys. Rev. Lett.",
    month = "February",
    volume = "108",
    year = "2012",
    issue = "7",
    pages = "070502"
}

@article{Bruening2012JMO_ParamDM,
    author = {Br\"uning, E. and M\"akel\"a, H. and Messina, A. and Petruccione, F.},
    doi = "10.1080/09500340.2011.632097",
    title = "Parametrizations of density matrices",
    journal = "Journal of Modern Optics",
    number = "1",
    volume = "59",
    eprint = "http://www.tandfonline.com/doi/pdf/10.1080/09500340.2011.632097",
    year = "2012",
    pages = "1--20"
}

@article{Yao2012Nat,
    author = "Yao, Xing-Can and Wang, Tian-Xiong and Chen, Hao-Ze and Gao, Wei-Bo and Fowler, Austin G. and Raussendorf, Robert and Chen, Zeng-Bing and Liu, Nai-Le and Lu, Chao-Yang and Deng, You-Jin and Chen, Yu-Ao and Pan, Jian-Wei",
    doi = "10.1038/nature10770",
    xexportby = "ris2bib",
    title = "Experimental demonstration of topological error correction",
    journal = "Nature",
    number = "7386",
    volume = "482",
    year = "2012",
    pages = "489--494"
}

@article{Tomamichel2011TIT_LeftoverHashing,
    author = "Tomamichel, M. and Schaffner, C. and Smith, A. and Renner, R.",
    doi = "10.1109/TIT.2011.2158473",
    title = "Leftover Hashing Against Quantum Side Information",
    journal = "Information Theory, IEEE Transactions on",
    issn = "0018-9448",
    number = "8",
    month = "August",
    volume = "57",
    year = "2011",
    keywords = "cryptography;information processing;leftover hash Lemma state;leftover hashing;quantum side information;two universal family;quantum cryptography;",
    pages = "5524--5535"
}

@article{Vogel1989PRA_tomo,
    author = "Vogel, K. and Risken, H.",
    publisher = "American Physical Society",
    doi = "10.1103/PhysRevA.40.2847",
    title = "Determination of quasiprobability distributions in terms of probability distributions for the rotated quadrature phase",
    journal = "Phys. Rev. A",
    month = "September",
    volume = "40",
    year = "1989",
    issue = "5",
    pages = "2847--2849"
}

@article{Usmani2012NPhot,
    author = "Usmani, Imam and Clausen, Christoph and Bussieres, Felix and Sangouard, Nicolas and Afzelius, Mikael and Gisin, Nicolas",
    doi = "10.1038/nphoton.2012.34",
    xexportby = "ris2bib",
    title = "Heralded quantum entanglement between two crystals",
    journal = "Nature Photonics",
    number = "4",
    volume = "6",
    year = "2012",
    pages = "234--237"
}

@article{Coles2012PRL_UncertRel,
    author = "Coles, Patrick J. and Colbeck, Roger and Yu, Li and Zwolak, Michael",
    numpages = "5",
    publisher = "American Physical Society",
    doi = "10.1103/PhysRevLett.108.210405",
    title = "Uncertainty Relations from Simple Entropic Properties",
    url = "http://link.aps.org/doi/10.1103/PhysRevLett.108.210405",
    journal = "Phys. Rev. Lett.",
    month = "May",
    volume = "108",
    year = "2012",
    issue = "21",
    pages = "210405"
}

@article{Teo2012PRA,
    author = "Teo, Yong Siah and Stoklasa, Bohumil and Englert, Berthold-Georg and \ifmmode \check{R}\else \v{R}\fi{}eh\'a\ifmmode \check{c}\else \v{c}\fi{}ek, Jaroslav and Hradil, Zden\ifmmode \check{e}\else \v{e}\fi{}k",
    numpages = "9",
    publisher = "American Physical Society",
    doi = "10.1103/PhysRevA.85.042317",
    title = "Incomplete quantum state estimation: A comprehensive study",
    journal = "Phys. Rev. A",
    month = "April",
    volume = "85",
    year = "2012",
    issue = "4",
    pages = "042317"
}

@article{Ferrie2012AIPConfProc,
    editor = "Goyal, Philip and Giffin, Adom and Knuth, Kevin H. and Vrscay, Edward",
    author = "Ferrie, Christopher and Blume-Kohout, Robin",
    publisher = "AIP",
    doi = "10.1063/1.3703615",
    title = "Estimating the bias of a noisy coin",
    collaboration = "",
    number = "1",
    pages = "14--21",
    volume = "1443",
    year = "2012",
    journal = "AIP Conference Proceedings"
}

@article{Lvovsky2004JOptB,
    author = "Lvovsky, A I",
    doi = "10.1088/1464-4266/6/6/014",
    title = "Iterative maximum-likelihood reconstruction in quantum homodyne tomography",
    journal = "Journal of Optics B: Quantum and Semiclassical Optics",
    number = "6",
    volume = "6",
    year = "2004",
    pages = "S556"
}

@article{1367-2630-10-4-043022,
    author = "\ifmmode \check{R}\else \v{R}\fi{}eh\'a\ifmmode \check{c}\else \v{c}\fi{}ek, J. and Mogilevtsev, D. and Hradil, Z.",
    doi = "10.1088/1367-2630/10/4/043022",
    title = "Tomography for quantum diagnostics",
    journal = "New Journal of Physics",
    number = "4",
    abstract = "The quantification of relevant statistical errors is an indispensable but often neglected part of any tomographic scheme used for quantum diagnostic purposes. We introduce a novel resolution measure, which provides 'error bars' for any inferred quantity of interest. This is illustrated with an example of the diagnostics of non-classical states based on the value of the reconstructed Wigner function at the origin of the phase space. We show that such diagnostics is meaningful only when a lot of prior information on the measured quantum state is available. Our resolution measure also provides an effective tool for optimization and resolution tuning of tomography schemes.",
    volume = "10",
    year = "2008",
    pages = "043022"
}

@article{delRio2010arXiv1009.1630D,
    author = "{del Rio}, {L\'\i{}dia} and {\AA{}berg}, Johan and {Renner}, Renato and {Dahlsten}, Oscar and {Vedral}, Vlatko",
    title = "{The thermodynamic meaning of negative entropy}",
    journal = "ArXiv e-prints",
    adsnote = "Provided by the SAO/NASA Astrophysics Data System",
    month = "September",
    eprint = "1009.1630",
    primaryclass = "quant-ph",
    year = "2010",
    keywords = "Quantum Physics",
    archiveprefix = "arXiv",
    adsurl = "http://adsabs.harvard.edu/abs/2010arXiv1009.1630D"
}

@article{Dahlsten2009arXiv0908.0424D,
    author = "{Dahlsten}, Oscar C. O. and {Renner}, Renato and {Rieper}, Elisabeth and {Vedral}, Vlatko",
    title = "The work value of information",
    journal = "ArXiv e-prints",
    adsnote = "Provided by the SAO/NASA Astrophysics Data System",
    month = "August",
    eprint = "0908.0424",
    primaryclass = "quant-ph",
    year = "2009",
    keywords = "Quantum Physics",
    archiveprefix = "arXiv",
    adsurl = "http://adsabs.harvard.edu/abs/2009arXiv0908.0424D"
}

@article{Dupuis2010arXiv1012.6044D,
    author = {{Dupuis}, Fr\'ed\'eric and {Berta}, Mario and {Wullschleger}, J\"urg and {Renner}, Renato},
    title = "The Decoupling Theorem",
    journal = "ArXiv e-prints",
    adsnote = "Provided by the SAO/NASA Astrophysics Data System",
    month = "December",
    eprint = "1012.6044",
    primaryclass = "quant-ph",
    year = "2010",
    keywords = "Quantum Physics",
    archiveprefix = "arXiv",
    adsurl = "http://adsabs.harvard.edu/abs/2010arXiv1012.6044D"
}

@article{Schmied2011arXiv1101.4131S,
    author = "{Schmied}, Roman and {Treutlein}, Philipp",
    title = "{Tomographic reconstruction of the Wigner function on the Bloch sphere}",
    journal = "ArXiv e-prints",
    adsnote = "Provided by the SAO/NASA Astrophysics Data System",
    month = "January",
    eprint = "1101.4131",
    primaryclass = "quant-ph",
    year = "2011",
    keywords = "Quantum Physics",
    archiveprefix = "arXiv",
    adsurl = "http://adsabs.harvard.edu/abs/2011arXiv1101.4131S"
}

@article{Eichler2010arXiv1011.6668E,
    author = "{Eichler}, C. and {Bozyigit}, D. and {Lang}, C. and {Steffen}, L. and {Fink}, J. and {Wallraff}, A.",
    title = "{Experimental Tomographic State Reconstruction of Itinerant Microwave Photons}",
    journal = "ArXiv e-prints",
    adsnote = "Provided by the SAO/NASA Astrophysics Data System",
    month = "November",
    eprint = "1011.6668",
    primaryclass = "quant-ph",
    year = "2010",
    keywords = "Quantum Physics, Condensed Matter - Mesoscale and Nanoscale Physics, Condensed Matter - Superconductivity",
    archiveprefix = "arXiv",
    adsurl = "http://adsabs.harvard.edu/abs/2010arXiv1011.6668E"
}

@article{Berta2009arXiv0912.3805B,
    author = "{Berta}, Mario and {Christandl}, Matthias and {Renner}, Renato",
    title = "The Quantum Reverse Shannon Theorem based on One-Shot Information Theory",
    journal = "ArXiv e-prints",
    adsnote = "Provided by the SAO/NASA Astrophysics Data System",
    month = "December",
    eprint = "0912.3805",
    primaryclass = "quant-ph",
    year = "2009",
    keywords = "Quantum Physics",
    archiveprefix = "arXiv",
    adsurl = "http://adsabs.harvard.edu/abs/2009arXiv0912.3805B"
}

@article{Berta2009arXiv0912.4495B,
    author = "{Berta}, Mario",
    title = "Single-shot Quantum State Merging",
    journal = "ArXiv e-prints",
    adsnote = "Provided by the SAO/NASA Astrophysics Data System",
    month = "December",
    eprint = "0912.4495",
    primaryclass = "quant-ph",
    year = "2009",
    keywords = "Quantum Physics",
    archiveprefix = "arXiv",
    adsurl = "http://adsabs.harvard.edu/abs/2009arXiv0912.4495B"
}

@article{Christandl2011arXiv1108.5329C,
    author = "{Christandl}, Matthias and {Renner}, Renato",
    title = "Reliable Quantum State Tomography",
    journal = "ArXiv e-prints",
    adsnote = "Provided by the SAO/NASA Astrophysics Data System",
    month = "August",
    eprint = "1108.5329",
    primaryclass = "quant-ph",
    year = "2011",
    keywords = "Quantum Physics, Mathematical Physics",
    archiveprefix = "arXiv",
    adsurl = "http://adsabs.harvard.edu/abs/2011arXiv1108.5329C"
}

@article{Horodecki2011arxiv_ThermoMaj,
    author = "{Horodecki}, M. and {Oppenheim}, J.",
    title = "{Fundamental limitations for quantum and nano thermodynamics}",
    journal = "ArXiv e-prints",
    adsnote = "Provided by the SAO/NASA Astrophysics Data System",
    month = "November",
    eprint = "1111.3834",
    primaryclass = "quant-ph",
    year = "2011",
    keywords = "Quantum Physics, Condensed Matter - Mesoscale and Nanoscale Physics, Condensed Matter - Statistical Mechanics",
    archiveprefix = "arXiv",
    adsurl = "http://adsabs.harvard.edu/abs/2011arXiv1111.3834H"
}

@article{BlumeKohout2012arXiv_Tomo,
    author = "{Blume-Kohout}, Robin",
    title = "{Robust error bars for quantum tomography}",
    journal = "ArXiv e-prints",
    adsnote = "Provided by the SAO/NASA Astrophysics Data System",
    month = "February",
    eprint = "1202.5270",
    primaryclass = "quant-ph",
    year = "2012",
    keywords = "Quantum Physics",
    archiveprefix = "arXiv",
    adsurl = "http://adsabs.harvard.edu/abs/2012arXiv1202.5270B"
}

@article{Aaberg2011arXiv,
    author = "{{\AA}berg}, J.",
    title = "{Truly work-like work extraction}",
    journal = "ArXiv e-prints",
    adsnote = "Provided by the SAO/NASA Astrophysics Data System",
    month = "October",
    eprint = "1110.6121",
    primaryclass = "quant-ph",
    year = "2011",
    keywords = "Quantum Physics, Condensed Matter - Statistical Mechanics",
    archiveprefix = "arXiv",
    adsurl = "http://adsabs.harvard.edu/abs/2011arXiv1110.6121A"
}

@article{Egloff2012arXiv,
    author = "{Egloff}, D. and {Dahlsten}, O. C. O. and {Renner}, R. and {Vedral}, V.",
    title = "{Laws of thermodynamics beyond the von Neumann regime}",
    journal = "ArXiv e-prints",
    adsnote = "Provided by the SAO/NASA Astrophysics Data System",
    month = "July",
    eprint = "1207.0434",
    primaryclass = "quant-ph",
    year = "2012",
    keywords = "Quantum Physics, Condensed Matter - Statistical Mechanics",
    archiveprefix = "arXiv",
    adsurl = "http://adsabs.harvard.edu/abs/2012arXiv1207.0434E"
}

@book{BookHornJohnsonMatrixAnalysis1985,
    author = "{Horn}, Roger A. and {Johnson}, Charles R.",
    publisher = "Cambridge University Press",
    year = "1985",
    address = "New York",
    title = "Matrix Analysis"
}

@book{BookFeynmanLecturesOnComputation1996,
    author = "{Feynman}, Richard P.",
    publisher = "Westview Press",
    year = "1996",
    title = "Lectures On Computation"
}

@book{BookBhatiaMatrixAnalysis1997,
    author = "{Bhatia}, Rajendra",
    publisher = "Springer-Verlag",
    title = "Matrix Analysis",
    address = "New York",
    year = "1997"
}

@book{NielsenChuangQComputationAndQInformation2000,
    author = "{Nielsen}, Michael A. and {Chuang}, Isaac L.",
    publisher = "Cambridge University Press",
    year = "2000",
    address = "New York",
    title = "Quantum Computation and Quantum Information"
}

@book{GerryKnightIntroductoryQuantumOptics2008,
    author = "{Gerry}, Christopher C. and {Knight}, Peter L.",
    publisher = "Cambridge University Press",
    year = "2008",
    isbn = "978-0-521-52735-4",
    address = "Cambridge, UK",
    title = "Introductory Quantum Optics"
}

@book{MandelWolfOpticalCoherenceAndQuantumOptics2008,
    author = "{Mandel}, Leonard and {Wolf}, Emil",
    publisher = "Cambridge University Press",
    year = "2008",
    isbn = "978-0521-41711-2",
    address = "Cambridge, UK",
    title = "Optical Coherence and Quantum Optics"
}

@book{HardyLittlewoodPolyaInequalities1952,
    author = "Hardy, G. H. and Littlewood, J. E. and P{\'o}lya, G.",
    publisher = "Cambridge University Press",
    isbn = "9780521358804",
    title = "Inequalities",
    lccn = "52010789",
    series = "Cambridge Mathematical Library",
    ....url = "http://books.google.ch/books?id=t1RCSP8YKt8C",
    year = "1952"
}

@incollection{Paris_QuantumStateEstimation_Intro,
    editor = "Paris, Matteo and {Reh\'acek}, Jaroslav",
    author = "{Paris}, Matteo and {\v{R}eh\'a\v{c}ek}, Jaroslav",
    publisher = "Springer Berlin / Heidelberg",
    doi = "10.1007/978-3-540-44481-7_1",
    isbn = "",
    title = "Introduction",
    series = "Lecture Notes in Physics",
    booktitle = "Quantum State Estimation",
    volume = "649",
    affiliation = "Dipartimento di Fisica dell'Universit\`a di Milano Italy",
    year = "2004",
    pages = "173-185"
}

@incollection{Paris_QuantumStateEstimation_DAriano_QTomoMethods,
    editor = "Paris, Matteo and {Reh\'acek}, Jaroslav",
    author = "{D'Ariano}, Giacomo and {Paris}, Matteo and {Sacchi}, Massimiliano",
    publisher = "Springer Berlin / Heidelberg",
    doi = "10.1007/978-3-540-44481-7_2",
    isbn = "",
    title = "2 Quantum Tomographic Methods",
    series = "Lecture Notes in Physics",
    booktitle = "Quantum State Estimation",
    volume = "649",
    affiliation = "Unit\`a INFM and Dipartimento di Fisica ``A. Volta'', Universit\`a di Pavia, Italia",
    year = "2004",
    pages = "189-204"
}

@incollection{Paris_QuantumStateEstimation_Hradil_MaximumLikelyhood,
    editor = "Paris, Matteo and {Reh\'acek}, Jaroslav",
    author = "{Hradil}, Zden\v{e}k and {\v{R}eh\'a\v{c}ek}, Jaroslav and {Fiur\'a\v{s}ek}, Jarom\'\i{}r and {Je\v{z}ek}, Miroslav",
    publisher = "Springer Berlin / Heidelberg",
    doi = "10.1007/978-3-540-44481-7_3",
    isbn = "",
    title = "3 Maximum-Likelihood Methods in Quantum Mechanics",
    series = "Lecture Notes in Physics",
    booktitle = "Quantum State Estimation",
    volume = "649",
    affiliation = "Department of Optics, Palacky University, Olomouc Czech Republic Czech Republic",
    year = "2004",
    pages = "163-172"
}

@incollection{Paris_QuantumStateEstimation_Altepeter_QubitQStateTomo,
    editor = "Paris, Matteo and {Reh\'acek}, Jaroslav",
    author = "Altepeter, Joseph and James, Daniel and Kwiat, Paul",
    publisher = "Springer Berlin / Heidelberg",
    doi = "10.1007/978-3-540-44481-7_4",
    isbn = "",
    title = "4 Qubit Quantum State Tomography",
    series = "Lecture Notes in Physics",
    booktitle = "Quantum State Estimation",
    volume = "649",
    affiliation = "Dept. of Physics, University of Illinois at Urbana-Champaign, Urbana IL 61801",
    year = "2004",
    pages = "27-45"
}

@phdthesis{PhDDupuis2009Decoupling,
    author = "{Dupuis}, Fr\'ed\'eric",
    school = "Universit\'e de Montr\'eal",
    title = "The decoupling approach to quantum information theory",
    month = "November",
    eprint = "1004.1641",
    primaryclass = "quant-ph",
    year = "2009",
    archiveprefix = "arXiv"
}

@phdthesis{PhdRenner2005SQKD,
    author = "{Renner}, Renato",
    school = {ETH Z\"urich},
    title = "Security of Quantum Key Distribution",
    archiveprevix = "arXiv",
    month = "September",
    eprint = "quant-ph/0512258v2",
    primaryclass = "quant-ph",
    year = "2005"
}

@article{linden2010small,
    author = "Linden, N. and Popescu, S. and Skrzypczyk, P.",
    publisher = "APS",
    title = "How small can thermal machines be? The smallest possible refrigerator",
    journal = "Physical Review Letters",
    number = "13",
    volume = "105",
    year = "2010",
    pages = "130401"
}

@article{gour_measuring_2009,
    author = "Gour, Gilad and Marvian, Iman and Spekkens, Robert W.",
    doi = "10.1103/PhysRevA.80.012307",
    shorttitle = "Measuring the quality of a quantum reference frame",
    title = "Measuring the quality of a quantum reference frame: The relative entropy of frameness",
    abstract = "In the absence of a reference frame for transformations associated with group G, any quantum state that is noninvariant under the action of G may serve as a token of the missing reference frame. We here present a measure of the quality of such a token: the relative entropy of frameness. This is defined as the relative entropy distance between the state of interest and the nearest G-invariant state. Unlike the relative entropy of entanglement, this quantity is straightforward to calculate, and we find it to be precisely equal to the G-asymmetry, a measure of frameness introduced by Vaccaro et al. It is shown to provide an upper bound on the mutual information between the group element encoded into the token and the group element that may be extracted from it by measurement. In this sense, it quantifies the extent to which the token successfully simulates a full reference frame. We also show that despite a suggestive analogy from entanglement theory, the regularized relative entropy of frameness is zero and therefore does not quantify the rate of interconversion between the token and some standard form of quantum reference frame. Finally, we show how these investigations yield an approach to bounding the relative entropy of entanglement.",
    ...url = "http://link.aps.org/doi/10.1103/PhysRevA.80.012307",
    number = "1",
    month = "July",
    volume = "80",
    pages = "012307",
    year = "2009",
    journal = "Physical Review A"
}

@article{horodecki_are_2002,
    author = "Horodecki, Michalstrok and Oppenheim, Jonathan and Horodecki, Ryszard",
    doi = "10.1103/PhysRevLett.89.240403",
    title = "Are the Laws of Entanglement Theory Thermodynamical?",
    abstract = "We argue that on its face, entanglement theory satisfies laws equivalent to thermodynamics if the theory can be made reversible by adding certain bound entangled states as a free resource during entanglement manipulation. Subject to plausible conjectures, we prove that this is not the case in general, and discuss the implications of this for the thermodynamics of entanglement.",
    ...url = "http://link.aps.org/doi/10.1103/PhysRevLett.89.240403",
    number = "24",
    month = "November",
    volume = "89",
    pages = "240403",
    year = "2002",
    journal = "Physical Review Letters"
}

@article{linden_reversibility_2005,
    author = "Linden, Noah and Popescu, Sandu and Schumacher, Benjamin and Westmoreland, Michael",
    doi = "10.1007/s11128-005-4608-0",
    title = "Reversibility of Local Transformations of Multiparticle Entanglement",
    abstract = "We consider the transformation of multisystem entangled states by local quantum operations and classical communication. We show that, for any reversible transformation, the relative entropy of entanglement for any two parties must remain constant. This shows, for example, that it is not possible to convert {2N} three-party {GHZ} states into {3N} singlets, even in an asymptotic sense. Thus there is true three-party non-locality (i.e. not all three party entanglement is equivalent to two-party entanglement). Our results also allow us to make quantitative. statements about concentrating multi-particle entanglement. Finally, we show that there is true n-party entanglement for any n.",
    ...url = "http://www.springerlink.com/content/hjvh868467m04122/",
    number = "3",
    month = "August",
    volume = "4",
    pages = "241--250",
    year = "2005",
    journal = "Quantum Information Processing"
}

@article{synak-radtke_asymptotic_2006,
    author = "{Synak-Radtke}, Barbara and Horodecki, Michal",
    doi = "10.1088/0305-4470/39/26/L02",
    title = "On asymptotic continuity of functions of quantum states",
    abstract = "A useful kind of continuity of quantum states functions in asymptotic regime is so-called asymptotic continuity. In this letter, we provide general tools for checking if a function possesses this property. First we prove equivalence of asymptotic continuity with so-called robustness under admixture. This allows us to show that relative entropy distance from a convex set including a maximally mixed state is asymptotically continuous. Subsequently, we consider arrowing—a way of building a new function out of a given one. The procedure originates from constructions of intrinsic information and entanglement of formation. We show that arrowing preserves asymptotic continuity for a class of functions (so-called subextensive ones). The result is illustrated by means of several examples.",
    ...url = "http://iopscience.iop.org/0305-4470/39/26/L02/",
    number = "26",
    month = "June",
    volume = "39",
    pages = "L423",
    year = "2006",
    journal = "Journal of Physics A: Mathematical and General"
}

@article{pusz_passive_1978,
    author = "Pusz, W. and Woronowicz, S. L.",
    doi = "10.1007/BF01614224",
    title = "Passive states and {KMS} states for general quantum systems",
    abstract = "We characterize equilibrium states of quantum systems by a condition of passivity suggested by the second principle of thermodynamics. Ground states and {ß-KMS} states for all inverse temperatures ß?0 are completely passive. We prove that these states are the only completely passive ones. For the special case of states describing pure phases, assuming the passivity we reproduce the results of Haag et al.",
    ...url = "http://dx.doi.org/10.1007/BF01614224",
    number = "3",
    month = "October",
    volume = "58",
    pages = "273--290",
    year = "1978",
    journal = "Communications in Mathematical Physics"
}

@article{horodecki_reversible_2003,
    author = "Horodecki, Michał and Horodecki, Paweł and Oppenheim, Jonathan",
    doi = "10.1103/PhysRevA.67.062104",
    title = "Reversible transformations from pure to mixed states and the unique measure of information",
    abstract = "Transformations from pure to mixed states are usually associated with information loss and irreversibility. Here, a protocol is demonstrated allowing one to make these transformations reversible. The pure states are diluted with a random noise source. Using this protocol one can study optimal transformations between states, and from this derive the unique measure of information. This is compared with irreversible transformations where one does not have access to noise. The ideas presented here shed some light on attempts to understand entanglement manipulations and the inevitable irreversibility encountered there where one finds that mixed states can contain “bound entanglement.”",
    ...url = "http://link.aps.org/abstract/PRA/v67/e062104",
    number = "6",
    month = "June",
    volume = "67",
    pages = "062104",
    year = "2003",
    journal = "Physical Review A"
}

@article{janzing_thermodynamic_2000,
    author = "Janzing, D. and Wocjan, P. and Zeier, R. and Geiss, R. and Beth, Th.",
    doi = "10.1023/A:1026422630734",
    shorttitle = "Thermodynamic Cost of Reliability and Low Temperatures",
    title = "Thermodynamic Cost of Reliability and Low Temperatures: Tightening Landauer's Principle and the Second Law",
    abstract = "Landauer's principle states that the erasure of one bit of information requires thefree energy {kT} ln 2. We argue that the reliability of the bit erasure process isbounded by the accuracy inherent in the statistical state of the energy source(“the resources”) driving the process. We develop a general framework describingthe “thermodynamic worth” of the resources with respect to reliable bit erasureor good cooling. This worth turns out to be given by the distinguishability of theresource's state from its equilibrium state in the sense of a statistical inferenceproblem. Accordingly, {Kullback—Leibler} relative information is a decisivequantity for the “worth” of the resource's state. Due to the asymmetry of relativeinformation, the reliability of the erasure process is bounded rather by the relativeinformation of the equilibrium state with respect to the actual state than by therelative information of the actual state with respect to the equilibrium state (whichis the free energy up to constants).",
    ...url = "http://dx.doi.org/10.1023/A:1026422630734",
    number = "12",
    month = "December",
    volume = "39",
    pages = "2717--2753",
    year = "2000",
    journal = "International Journal of Theoretical Physics"
}

@article{lenard_thermodynamical_1978,
    author = "Lenard, A.",
    doi = "10.1007/BF01011769",
    title = "Thermodynamical proof of the Gibbs formula for elementary quantum systems",
    abstract = "An elementary derivation is given of the formula for the thermal equilibrium states of quantum systems that can be described in finite-dimensional Hilbert spaces. The three assumptions made, Passivity, Structural Stability, and Consistency, have phenomenological interpretations. Except at zero temperature, Structural Stability follows already from Passivity and a weak form of Consistency.",
    ...url = "http://dx.doi.org/10.1007/BF01011769",
    number = "6",
    month = "December",
    volume = "19",
    pages = "575--586",
    year = "1978",
    journal = "Journal of Statistical Physics"
}

@article{horodecki_locking_2005,
    author = "Horodecki, Karol and Horodecki, Michal and Horodecki, Pawel and Oppenheim, Jonathan",
    title = "Locking Entanglement with a Single Qubit",
    journal = "Physical Review Letters",
    ...url = "http://link.aps.org/abstract/PRL/v94/e200501",
    number = "20",
    month = "May",
    volume = "94",
    year = "2005",
    pages = "200501--4"
}

@article{trotzky2012probing,
    author = {Trotzky, S. and Chen, Y.A. and Flesch, A. and McCulloch, I.P. and Schollw{\"o}ck, U. and Eisert, J. and Bloch, I.},
    publisher = "Nature Publishing Group",
    title = "Probing the relaxation towards equilibrium in an isolated strongly correlated one-dimensional Bose gas",
    journal = "Nature Physics",
    number = "4",
    volume = "8",
    year = "2012",
    pages = "325--330"
}

@article{gogolin2011absence,
    author = {Gogolin, C. and M{\"u}ller, M.P. and Eisert, J.},
    publisher = "APS",
    title = "Absence of thermalization in nonintegrable systems",
    journal = "Physical Review Letters",
    number = "4",
    volume = "106",
    year = "2011",
    pages = "40401"
}

@article{linden2010speed,
    author = "Linden, N. and Popescu, S. and Short, A.J. and Winter, A.",
    publisher = "IOP Publishing",
    title = "On the speed of fluctuations around thermodynamic equilibrium",
    journal = "New Journal of Physics",
    number = "5",
    volume = "12",
    year = "2010",
    pages = "055021"
}

@article{hutter2011does,
    author = "Hutter, A. and Wehner, S.",
    ...journal = "arXiv preprint arXiv:1111.3080",
    title = "When does a quantum mechanical system depend on the initial conditions of the system or the environment?",
    journal = "ArXiv e-prints",
    eprint = "1111.3080",
    year = "2011",
    archiveprefix = "arXiv",
    arxivid = "1111.3080"
}

@inproceedings{schulman1999molecular,
    author = "Schulman, L.J. and Vazirani, U.V.",
    organization = "ACM",
    booktitle = "Proceedings of the thirty-first annual ACM symposium on Theory of computing",
    year = "1999",
    pages = "322--329",
    title = "Molecular scale heat engines and scalable quantum computation"
}

@article{del2011thermodynamic,
    author = "Del Rio, L. and {\AA}berg, J. and Renner, R. and Dahlsten, O. and Vedral, V.",
    publisher = "Nature Publishing Group",
    title = "The thermodynamic meaning of negative entropy",
    journal = "Nature",
    number = "7349",
    volume = "474",
    year = "2011",
    pages = "61--63"
}

@article{dahlsten2011inadequacy,
    author = "Dahlsten, O.C.O. and Renner, R. and Rieper, E. and Vedral, V.",
    publisher = "IOP Publishing",
    title = "Inadequacy of von Neumann entropy for characterizing extractable work",
    journal = "New Journal of Physics",
    volume = "13",
    year = "2011",
    pages = "053015"
}

@book{gemmer2009quantum,
    author = "Gemmer, J. and Michel, M. and Michel, M. and Mahler, G.",
    publisher = "Springer Verlag",
    year = "2009",
    title = "Quantum thermodynamics: Emergence of thermodynamic behavior within composite quantum systems"
}

@article{geva1992classical,
    author = "Geva, E. and Kosloff, R.",
    title = "On the classical limit of quantum thermodynamics in finite time",
    journal = "The Journal of chemical physics",
    number = "6",
    volume = "97",
    year = "1992",
    pages = "4398"
}

@article{popescu2006entanglement,
    author = "Popescu, S. and Short, A.J. and Winter, A.",
    publisher = "Nature Publishing Group, The Macmillan Building 4 Crinan Street London N 1 9 XW UK,",
    title = "Entanglement and the foundations of statistical mechanics",
    journal = "Nature Physics",
    number = "11",
    volume = "2",
    year = "2006",
    pages = "754--758"
}

@article{Scovil1959masers,
    author = "Scovil, H. E. D. and Schulz-DuBois, E. O.",
    publisher = "American Physical Society",
    doi = "10.1103/PhysRevLett.2.262",
    title = "Three-Level Masers as Heat Engines",
    journal = "Phys. Rev. Lett.",
    ...url = "http://link.aps.org/doi/10.1103/PhysRevLett.2.262",
    month = "Mar",
    volume = "2",
    year = "1959",
    issue = "6",
    pages = "262--263"
}

@article{Geusic1967quatum,
    author = "Geusic, J. E. and Schulz-DuBios, E. O. and Scovil, H. E. D.",
    publisher = "American Physical Society",
    doi = "10.1103/PhysRev.156.343",
    title = "Quantum Equivalent of the Carnot Cycle",
    journal = "Phys. Rev.",
    ...url = "http://link.aps.org/doi/10.1103/PhysRev.156.343",
    month = "Apr",
    volume = "156",
    year = "1967",
    issue = "2",
    pages = "343--351"
}

@article{howard1997molecular,
    author = "Howard, J.",
    publisher = "[London: Macmillan Journals], 1869-",
    title = "Molecular motors: structural adaptations to cellular functions",
    journal = "Nature",
    number = "6651",
    volume = "389",
    year = "1997",
    pages = "561--567"
}

@article{scully2002afterburner,
    author = "Scully, Marlan O.",
    numpages = "4",
    publisher = "American Physical Society",
    doi = "10.1103/PhysRevLett.88.050602",
    title = "Quantum Afterburner: Improving the Efficiency of an Ideal Heat Engine",
    journal = "Phys. Rev. Lett.",
    ...url = "http://link.aps.org/doi/10.1103/PhysRevLett.88.050602",
    month = "Jan",
    volume = "88",
    year = "2002",
    issue = "5",
    pages = "050602"
}

@article{crooks2008jarzynski,
    author = "Crooks, G.E.",
    publisher = "IOP Publishing",
    title = "On the Jarzynski relation for dissipative quantum dynamics",
    journal = "Journal of Statistical Mechanics: Theory and Experiment",
    volume = "2008",
    year = "2008",
    pages = "P10023"
}

@misc{thermoiid,
    note = {F.G.S.L. Brandao, M. Horodecki, J. Oppenheim, J. Rennes and R.W. Spekkens, "The Resource Theory of Quantum States Out of Thermal Equilibrium" arxiv/1111.3812}
}

@misc{HO2011-qthermo,
    note = {M. Horodecki, J. Oppenheim "Fundamental laws and limitations for quantum and nano thermodynamics" arxiv/1111.3834}
}

@article{scovil1959maser,
    author = "Scovil, H. E. D. and Schulz-DuBois, E. O.",
    publisher = "American Physical Society",
    doi = "10.1103/PhysRevLett.2.262",
    title = "Three-Level Masers as Heat Engines",
    journal = "Phys. Rev. Lett.",
    ...url = "http://link.aps.org/doi/10.1103/PhysRevLett.2.262",
    month = "Mar",
    volume = "2",
    year = "1959",
    issue = "6",
    pages = "262--263"
}

@article{Faucheux1995ratchet,
    author = "Faucheux, L. P. and Bourdieu, L. S. and Kaplan, P. D. and Libchaber, A. J.",
    publisher = "American Physical Society",
    doi = "10.1103/PhysRevLett.74.1504",
    title = "Optical Thermal Ratchet",
    journal = "Phys. Rev. Lett.",
    ...url = "http://link.aps.org/doi/10.1103/PhysRevLett.74.1504",
    month = "Feb",
    volume = "74",
    year = "1995",
    issue = "9",
    pages = "1504--1507"
}

@article{rousselet1994directional,
    author = "Rousselet, J. and Salome, L. and Ajdari, A. and Prost, J.",
    title = "Directional motion of Brownian particles induced by a periodic asymmetric potential",
    journal = "Nature",
    number = "6489",
    volume = "370",
    year = "1994",
    pages = "446--447"
}

@article{datta2009min,
    author = "Datta, N.",
    publisher = "IEEE",
    title = "Min-and max-relative entropies and a new entanglement monotone",
    journal = "Information Theory, IEEE Transactions on",
    number = "6",
    volume = "55",
    year = "2009",
    pages = "2816--2826"
}

@article{donald1987free,
    author = "{Donald}, M. J.",
    doi = "10.1007/BF01009955",
    title = "{Free energy and the relative entropy}",
    journal = "Journal of Statistical Physics",
    adsnote = "Provided by the SAO/NASA Astrophysics Data System",
    month = "October",
    volume = "49",
    year = "1987",
    keywords = "Free energy, relative entropy, relative Hamiltonian",
    pages = "81-87",
    adsurl = "http://adsabs.harvard.edu/abs/1987JSP....49...81D"
}

@article{brunner2011virtual,
    author = "N Brunner, N Linden, S Popescu and Skrzypczyk, P",
    eprint = "arXiv:1106.2138",
    title = "Virtual qubits, virtual temperatures, and the foundations of thermodynamics"
}

@article{skrzypczyk2010small,
    author = "P Skrzypczyk, N Brunner, N Linden and Popescu, S",
    volume = "44",
    journal = "J Phys A Math Theor",
    year = "2011",
    pages = "492002",
    title = "On the efficiency of very small refrigerators"
}

@article{allahverdyan2000extraction,
    author = "Allahverdyan, A. E. and Nieuwenhuizen, Th. M.",
    publisher = "American Physical Society",
    doi = "10.1103/PhysRevLett.85.1799",
    title = "Extraction of Work from a Single Thermal Bath in the Quantum Regime",
    journal = "Phys. Rev. Lett.",
    ...url = "http://link.aps.org/doi/10.1103/PhysRevLett.85.1799",
    month = "Aug",
    volume = "85",
    year = "2000",
    issue = "9",
    pages = "1799--1802"
}

@article{feldmann2006lubrication,
    author = "Feldmann, Tova and Kosloff, Ronnie",
    numpages = "4",
    publisher = "American Physical Society",
    doi = "10.1103/PhysRevE.73.025107",
    title = "Quantum lubrication: Suppression of friction in a first-principles four-stroke heat engine",
    journal = "Phys. Rev. E",
    ...url = "http://link.aps.org/doi/10.1103/PhysRevE.73.025107",
    month = "Feb",
    volume = "73",
    year = "2006",
    issue = "2",
    pages = "025107"
}

@article{baugh2005experimental,
    author = "Baugh, J. and Moussa, O. and Ryan, C.A. and Nayak, A. and Laflamme, R.",
    publisher = "Nature Publishing Group",
    title = "Experimental implementation of heat-bath algorithmic cooling using solid-state nuclear magnetic resonance",
    journal = "Nature",
    number = "7067",
    volume = "438",
    year = "2005",
    pages = "470--473"
}

@article{Hanggi2009brownian,
    author = {H\"anggi, Peter and Marchesoni, Fabio},
    publisher = "American Physical Society",
    doi = "10.1103/RevModPhys.81.387",
    title = "Artificial Brownian motors: Controlling transport on the nanoscale",
    journal = "Rev. Mod. Phys.",
    ...url = "http://link.aps.org/doi/10.1103/RevModPhys.81.387",
    month = "Mar",
    volume = "81",
    year = "2009",
    issue = "1",
    pages = "387--442"
}

@article{brownianmotion-smoluchowski,
    author = "{von Smoluchowski}, M.",
    doi = "10.1002/andp.19063261405",
    title = "{Zur kinetischen Theorie der Brownschen Molekularbewegung und der Suspensionen}",
    journal = "Annalen der Physik",
    adsnote = "Provided by the SAO/NASA Astrophysics Data System",
    volume = "326",
    year = "1906",
    pages = "756-780",
    adsurl = "http://adsabs.harvard.edu/abs/1906AnP...326..756V"
}

@article{brownianratchet-smoluchowski,
    author = "von Smoluchowski, M.",
    volume = "XIII",
    journal = "Physik. Zeitschr.",
    year = "1912",
    pages = "1069-1080",
    title = "Experimentell nachweisbare, der ublichen Thermodynamik widersprechende Molekularphanomene"
}

@book{brownianratchet-feynmann,
    author = "R.P. Feynman, R.B. Leighton and Sands, M.",
    chapter = "Rathcet and pawl",
    publisher = "Addison-Wesley",
    title = "The Feynman Lectures on Physics",
    journal = "Physik. Zeitschr.",
    volume = "1",
    year = "1963",
    pages = "46-lff"
}

@article{Alicki79,
    author = "Alicki, Robert",
    publisher = "Kluwer Academic Publishers-Plenum Publishers",
    doi = "10.1007/BF01009517",
    title = "On the entropy production for the Davies model of heat conduction",
    journal = "Journal of Statistical Physics",
    issn = "0022-4715",
    volume = "20",
    year = "1979",
    keywords = "Master equation; entropy production; nonequilibrium thermodynamics; heat conduction",
    ...url = "http://dx.doi.org/10.1007/BF01009517",
    issue = "6",
    pages = "671--677"
}

