

.. Additionnal stuff here will not be managed by bibolamazi. It will also not be
.. overwritten. You can e.g. temporarily add additional references here if you
.. don't have bibolamazi installed.


%%%-BIB-OLA-MAZI-BEGIN-%%%
%
% %% This bibliography database uses BIBOLAMAZI:
% %%
% %%     https://github.com/phfaist/bibolamazi
% %%
% %% See comments below this configuration section if you're new to bibolamazi.
%
% %% This is the BIBOLAMAZI configuration section. Additional two leading
% %% percent signs indicate comments within the configuration.
%
% %% **** SOURCES ****
%
% %% The _first_ accessible file in _each_ source list will be read
%
% src: srcbib/specialtests.bib
%
% %% Add additional sources here. Alternative files are useful, e.g., if the
% %% same file is to be accessed with different paths on different machines.
%
% %% **** FILTERS ****
%
% %% Specify filters here. Specify as many filters as you want, each with a
% %% `filter:' directive. See also `bibolamazi --list-filters' and
% %% `bibolamazi --help <filter>', or the "Help & Reference" page of the
% %% graphical interface.
%
% filter: citeinspirehep -sJobname=test8_jobname
%
% filter: duplicates test8_dupfile.tex -sKeepOnlyUsedInJobname=test8_jobname
%
%
%%%-BIB-OLA-MAZI-END-%%%
%
%
% ALL CHANGES BEYOND THIS POINT WILL BE LOST NEXT TIME BIBOLAMAZI IS RUN.
%


%
% This file was generated by BIBOLAMAZI 2.1 on 2015-04-14T20:19:07.360668
%
%     https://github.com/phfaist/bibolamazi
%
% Bibolamazi collects bib entries from the sources listed in the configuration section
% above, and merges them all into this file while applying the defined filters with
% the given options. Your sources will not be altered.
%
% Any entries ABOVE the configuration section will be preserved as is, which means that
% if you don't want to install bibolamazi or if it not installed, and you want to add
% a bibliographic entry to this file, add it AT THE TOP OF THIS FILE.
%
%





@article{arXiv:1305.1258--WWgg,
    author = "Abazov, Victor Mukhamedovich and others",
    doi = "10.1103/PhysRevD.88.012005",
    primaryclass = "hep-ex",
    title = "{Search for anomalous quartic $WW{\gamma}{\gamma}$ couplings in dielectron and missing energy final states in $p\bar{p}$ collisions at $\sqrt{s}$ = 1.96 TeV}",
    journal = "Phys.Rev.",
    pages = "012005",
    volume = "D88",
    reportnumber = "FERMILAB-PUB-13-133-E",
    eprint = "1305.1258",
    slaccitation = "%%CITATION = ARXIV:1305.1258;%%",
    year = "2013",
    archiveprefix = "arXiv",
    collaboration = "D0"
}

@article{doi:10.1103/PhysRev.47.777--EPR-paper,
    author = "Einstein, Albert and Podolsky, Boris and Rosen, Nathan",
    volume = "47",
    doi = "10.1103/PhysRev.47.777",
    slaccitation = "%%CITATION = PHRVA,47,777;%%",
    title = "{Can quantum mechanical description of physical reality be considered complete?}",
    journal = "Phys.Rev.",
    year = "1935",
    pages = "777-780"
}

@article{arXiv:1408.4546,
    author = "Anastasiou, Charalampos and Cancino, Julián and Chavez, Federico and Duhr, Claude and Lazopoulos, Achilleas and others",
    doi = "10.1007/JHEP02(2015)182",
    primaryclass = "hep-ph",
    title = "{NNLO QCD corrections to pp → γ$^{*}$ γ$^{*}$ in the large N$_{F}$ limit}",
    journal = "JHEP",
    volume = "1502",
    reportnumber = "IPPP-14-76, DCPT-14-152",
    eprint = "1408.4546",
    slaccitation = "%%CITATION = ARXIV:1408.4546;%%",
    year = "2015",
    archiveprefix = "arXiv",
    pages = "182"
}

